2460 3878
524 159 588 214 XVI
606 167 623 212 4
1016 161 1079 226 163

64 322 249 386 mnndnlo
290 322 587 406 hominibusque
623 322 897 388 Hermundulis
936 326 1078 389 bellum

65 411 151 476 dieo
174 411 372 494 facioque?

132 497 215 564 Item
247 501 282 564 in
313 500 415 565 libro
448 502 589 575 eiusdem
618 499 742 566 Cincii
774 502 817 565 de
848 524 887 566 re
916 503 1104 569 militaria

64 591 202 674 quinto
230 589 275 654 ita
303 591 459 673 scriptum
487 595 536 655 est
558 591 612 673 (fu.
631 596 673 655 13
690 591 733 654 Η.
752 595 775 655 2
793 591 878 674 Bu.):
909 589 997 655 Cum
1025 592 1079 656 di-

35 680 190 744 slectus
213 678 431 762 antiquitus
450 679 565 743 fieret
584 682 621 744 et
639 680 784 744 milites
804 681 1078 764 scriberentur,

63 767 331 833 iusiurandum
356 789 419 832 eos
439 769 621 833 tribunus
640 769 823 833 militaris
842 770 1021 854 adigebat
1039 771 1078 834 in

63 858 181 922 verba
211 856 304 922 haec
337 856 603 943 [Magistratus
635 857 778 941 verba]:
812 857 857 922 Ὃ.
887 858 1011 923 Laelii
1044 857 1077 923 Ο.

62 947 128 1012 fili
151 946 323 1011 consulis
341 945 376 1010 L.
396 944 569 1011 Cornelii
591 946 626 1010 P.
645 947 708 1011 fili
728 948 898 1012 consulis
917 949 956 1011 in
974 943 1078 1012 exer?

62 1037 146 1102 citu
182 1035 385 1117 decemque
421 1036 529 1100 milia
565 1058 745 1119 passuum
780 1058 899 1120 prope
932 1036 1076 1101 furtum

19 1149 47 1189 (0
61 1147 140 1191 non
161 1125 282 1190 facies
305 1124 392 1189 dolo
414 1125 512 1189 malo
533 1123 639 1189 solus
657 1147 778 1208 neque
797 1147 880 1189 cum
898 1126 1076 1208 pluribus

61 1215 188 1299 pluris
210 1214 353 1278 nummi
376 1214 551 1299 argentei
574 1215 613 1277 in
636 1215 716 1278 dies
740 1214 928 1299 singulos3
952 1218 1076 1279 extra-

61 1326 135 1388 que
171 1303 333 1386 hastam,
373 1303 528 1385 hastile,
563 1304 687 1387 ligna,
723 1324 846 1386 poma,
882 1304 1076 1387 pabulum,

60 1398 199 1475 utrem,
231 1390 378 1475 follem,
410 1392 576 1456 faculam
608 1393 640 1456 si
673 1391 764 1475 quid
795 1392 850 1456 ibi
882 1393 1075 1458 inveneris

61 1482 334 1563 sustulerisve,
362 1481 461 1564 quod
488 1485 594 1545 tuum
616 1503 692 1545 non
715 1482 801 1564 erit,
830 1483 929 1565 quod
951 1483 1075 1565 pluris

20 1594 45 1634 rs
60 1571 205 1637 nummi
237 1571 412 1655 argentei
439 1571 526 1653 erit,
557 1570 615 1634 uti
642 1575 683 1634 tu
711 1570 755 1634 ad
784 1569 816 1634 Ο.
841 1570 1013 1635 Laelium
1042 1570 1074 1635 Ο.

59 1661 191 1726 filium
215 1658 411 1724 consulem
429 1658 635 1723 Luciumve
656 1659 874 1724 Cornelium
893 1659 927 1724 P.
946 1659 1075 1725 filium

60 1750 257 1814 consulem
294 1749 374 1813 sive
409 1770 518 1831 quem
550 1748 594 1812 ad
626 1753 711 1813 uter
742 1771 870 1813 eorum
902 1750 1076 1833 iusserit,

59 1839 235 1924 proferes
272 1842 337 1902 aut
373 1838 610 1921 profitebere
646 1839 685 1901 in
721 1839 850 1902 triduo
885 1840 1074 1922 proximo,

60 1927 250 2012 quidquid
272 1928 466 1991 inveneris
491 1927 744 1991 sustulerisve
764 1925 851 1991 dolo
873 1927 985 2010 ma10,
1009 1933 1074 1992 aut

17 2038 45 2078 so
60 2018 214 2081 domino
234 2038 315 2098 sue,
339 2017 463 2081 cuium
482 2016 520 2079 id
539 2016 714 2079 censebis
733 2037 828 2098 esse,
851 2016 999 2098 reddes,
1016 2017 1074 2079 uti

60 2107 164 2191 quod
185 2110 331 2171 rectum
353 2105 498 2170 factum
521 2126 603 2168 esse
626 2105 752 2168 voles'

126 2192 321 2260 Militibus
344 2199 470 2258 autem
494 2193 652 2276 scriptis
676 2193 755 2258 dies
774 2193 1099 2276 praefinibatur,3

58 2305 135 2368 quo
150 2284 209 2348 die
223 2285 400 2348 adessent
415 2287 451 2348 et
465 2283 603 2347 citanti
619 2283 770 2347 consuli
784 2283 1074 2367 responderent,

58 2372 197 2438 deinde
216 2372 509 2456 concipiebatur
527 2371 805 2454 iusiurandum,
822 2376 863 2435 ut
881 2371 1099 2455 adessent,4

17 2483 44 2523 ss
57 2462 120 2526 his
152 2462 294 2527 additis
326 2461 635 2544 exceptionibus:
669 2460 756 2524 ‘nisi
783 2461 950 2525 harunce
979 2483 1073 2544 quae

59 2572 174 2616 causa
202 2551 288 2615 erit:
316 2551 429 2614 funus
457 2549 649 2614 familiare
674 2550 842 2614 feriaeve
865 2548 1072 2633 denicales‚

59 2661 157 2723 quae
183 2660 258 2703 non
286 2640 366 2702 eius
393 2638 447 2702 rei
472 2660 584 2703 causa
608 2639 646 2701 in
669 2661 750 2702 eum
775 2639 872 2701 diem
896 2639 1071 2702 conlatae

58 2729 153 2809 sint,
189 2748 261 2810 quo
294 2728 325 2791 is
358 2748 399 2790 eo
433 2727 491 2791 die
523 2729 648 2791 minus
681 2728 736 2791 ibi
768 2731 881 2809 esset,
917 2728 1071 2791 morbus

57 2816 234 2882 sonticus
257 2816 531 2899 auspiciumve,
560 2817 659 2899 quod
682 2817 764 2880 sine
787 2816 940 2900 piaculo
964 2838 1070 2898 prae-

130 3051 146 3098 2
165 3044 259 3099 indico
274 3061 290 3098 σ
303 3046 312 3113 ΙΙ
327 3049 341 3097 6
362 3044 477 3099 adiebat
492 3046 552 3097 Hx
566 3046 575 3113 u
590 3050 604 3097 '1
622 3044 791 3114 Magistratu
806 3045 873 3109 (tus
888 3042 932 3104 ab
946 3043 1033 3096 uerba
1047 3044 1070 3096 (1

56 3117 89 3171 In
112 3117 281 3187 magistratu
303 3117 390 3170 uerba
409 3121 458 3169 01
484 3114 516 3168 In
539 3116 707 3185 magistratu
725 3117 790 3168 ull
806 3115 855 3167 del.
876 3115 961 3168 Hertz
983 3117 1070 3182 (quem

56 3190 107 3256 cfr.
122 3190 163 3243 11
167 3206 199 3258 p.
214 3187 296 3256 Xol)
311 3190 320 3257 l
335 3193 368 3240 10
382 3186 516 3260 (neque)
531 3186 606 3240 solus
621 3187 747 3240 Huschke
761 3189 770 3255 ll
785 3192 817 3238 12
831 3184 1034 3254 pompabulum
1049 3205 1069 3237 ω

57 3277 126 3316 corr.
141 3260 219 3315 Liou
232 3265 257 3313 et
270 3260 386 3326 Lipsius
404 3260 537 3328 (pomum)
552 3260 560 3326 ΙΙ
576 3263 608 3311 15
627 3257 682 3326 uti]
702 3258 751 3310 aut
770 3259 842 3310 Boot
856 3258 864 3324 ΙΙ
880 3261 911 3308 17
931 3256 1005 3326 uter]
1023 3261 1070 3308 r!

56 3333 152 3386 utrum
166 3352 188 3385 ω
208 3328 342 3384 alteruter
355 3330 506 3384 Seriverius
522 3332 525 3398 Ι
542 3329 585 3381 ius
605 3327 659 3381 erit
677 3344 693 3386 ς
707 3330 716 3396 ll
732 3334 764 3382 18
782 3326 905 3395 perferes
920 3328 1047 3381 Huschke
1060 3328 1069 3399 ll

58 3407 91 3458 19
106 3401 254 3473 qnodquid
264 3421 285 3454 ω
294 3405 418 3456 recem
432 3417 518 3468 quum
533 3399 601 3468 quid
611 3400 738 3454 Husoblce
754 3402 758 3468 l
774 3398 838 3452 (1010
849 3399 914 3451 Ald.
928 3398 958 3450 in
973 3398 1037 3451 (1010
1048 3419 1068 3451 ω

56 3472 118 3530 sine
127 3474 155 3529 (1
168 3472 266 3529 samo
280 3475 289 3542 ΙΙ
303 3477 336 3526 20
351 3488 411 3526 esse
421 3489 471 3526 om.
483 3471 557 3530 o¹11
569 3476 577 3541 n
592 3477 622 3524 21
635 3472 711 3526 recte
721 3470 821 3524 o²111
834 3472 843 3538 ss
857 3474 890 3522 22
902 3468 1046 3538 scripsitd
1063 3470 1066 3542 l

56 3542 305 3616 praefiniebatury
317 3545 327 3614 fl
341 3548 374 3597 23
390 3543 496 3600 citatis
510 3545 519 3613 ΙΙ
533 3548 567 3597 24
582 3539 1047 3615 (10101011ογ11261010101010100
1056 3562 1079 3594 a

868 3631 924 3689 n*
