2438 3878
76 815 89 856 t

61 1297 90 1338 10

523 179 574 234 xv
592 185 640 246 243
659 185 692 234 aa

555 377 663 443 XXIV

103 500 178 566 Quid
196 499 346 554 Vulcacius
363 499 505 569 Sedigitus
523 500 554 553 in
571 499 653 567 libra
672 517 755 569 quem
774 501 809 554 de
827 500 919 569 poetis
938 499 1058 568 scripsit,
1078 500 1114 554 de

140 571 253 625 comicis
272 571 380 625 Latinis
398 571 539 625 iudicarit.

172 696 370 784 Sedigitas
403 698 438 762 in
468 698 584 782 libro,
617 721 712 782 quem
745 699 873 783 scripsit
904 700 947 764 de
975 699 1115 783 poetis,

104 788 183 873 quid
206 788 244 852 de
267 786 327 854 his.
342 787 472 870 sentiat,
500 788 556 871 qui
579 789 759 853 comoedias
781 789 939 872 fecerunt,
965 792 997 852 et
1020 809 1115 872 quem

104 900 145 943 ex
173 876 321 941 omnibus
347 880 509 960 praestare
537 877 649 942 ceteris
676 882 770 962 putet
796 898 833 942 ac
860 878 1022 961 deinceps,
1050 897 1115 960 quo

104 987 265 1051 quemque
291 966 326 1029 in
352 964 424 1031 loco
453 970 485 1029 et
512 966 635 1030 honore
662 970 775 1051 ponat,
800 966 852 1030 his
880 967 1024 1030 versibus
1050 966 1115 1030 suis

104 1056 304 1120 demonstrat
322 1054 376 1138 (fr.
392 1061 411 1120 1
425 1054 493 1132 B.):

149 1181 292 1244 multos
324 1179 493 1244 incertos
527 1178 674 1244 certare
705 1179 803 1243 hanc
833 1202 910 1243 rem
937 1178 1117 1260 vidimus,

150 1267 313 1353 palmam
337 1271 473 1351 poetae
496 1269 640 1332 comico
665 1269 726 1332 cui
750 1268 933 1332 deferant.

150 1379 234 1422 eum
257 1357 337 1421 mdo
361 1355 507 1422 iudicio
531 1359 696 1421 errorem
720 1357 928 1421 dissolvam
950 1356 1038 1439 tibi,

150 1450 204 1530 ut,
228 1447 361 1510 contra
384 1447 416 1510 si
438 1446 524 1529 quis
546 1446 703 1528 sentiat,
725 1445 826 1510 nihil
849 1446 1000 1510 se‘ntiat.

152 1533 322 1599 Caecilio
346 1534 508 1620 palmam
532 1533 658 1600 Statio
683 1534 728 1600 do
751 1534 911 1600 mimico.

150 1623 312 1688 Plautus
336 1623 524 1688 secundus
546 1624 663 1688 facile
687 1629 872 1708 exuperat
895 1623 1051 1688 ceteros.

151 1713 239 1777 dein
261 1711 444 1795 Nae'vius,
472 1714 537 1797 qui
565 1713 703 1797 fervet,
730 1713 857 1797 pretio
886 1712 925 1777 in
951 1713 1118 1776 tertiost.

152 1802 184 1866 si
211 1801 299 1886 erit,
331 1802 431 1886 quod
458 1807 593 1886 quarto
622 1802 744 1886 detur,
777 1802 932 1866 dabitur
958 1800 1118 1865 Licinia.

151 1894 241 1976 post
262 1889 415 1975 insequi
438 1890 628 1955 Licinium
650 1891 753 1956 facio
777 1889 950 1955 Atssium.

152 1978 321 2044 inserto
346 1980 603 2064 consequetur
626 1981 695 2044 hos
719 1978 936 2062 Terentius,

152 2067 353 2153 Turpilius
370 2070 587 2154 septimum,
605 2067 750 2133 Trabea
765 2072 941 2132 octavum
956 2067 1119 2152 optinet,

152 2159 252 2223 nond
275 2160 361 2223 loco
385 2180 466 2223 esse
491 2159 605 2223 ficile
627 2158 729 2222 facio
752 2157 940 2243 Luscium.

154 2247 340 2312 decimum
364 2247 459 2312 addo
484 2269 595 2312 causa
618 2246 871 2330 antiquitatis
894 2245 1066 2309 Ennium.

571 2423 665 2489 XXV

105 2547 150 2600 De
163 2545 265 2670 flpergis
288 2545 457 2614 quibusdam
479 2548 570 2614 novis,
595 2562 667 2615 quae
690 2547 720 2599 in
744 2545 833 2600 Gnaei
856 2545 928 2599 Mati
949 2543 1121 2598 mimiambis

144 2634 161 2670 o
185 2633 220 2671 en
241 2633 358 2671 eramus.

106 2854 176 2898 non
204 2833 341 2897 absurde
365 2855 470 2916 neque
492 2834 612 2899 absone
634 2835 730 2898 finxit
751 2836 971 2898 recentatur
992 2853 1051 2916 pro
1075 2852 1122 2913 eo,

185 3031 218 3079 18
236 3025 304 3080 Vita
318 3025 427 3082 Terent.
444 3045 470 3096 p.
486 3032 519 3079 33
534 3025 615 3081 Reiff.
720 3031 754 3079 25
765 3042 824 3106 sqq.
844 3024 915 3078 Non.
931 3024 956 3077 II
970 3043 997 3092 p.
1014 3029 1073 3090 167,
1090 3027 1122 3076 13

183 3211 199 3258 9
218 3205 347 3258 uidemus
362 3226 383 3257 ω
400 3221 468 3260 corr.
484 3207 521 3275 σ11
537 3209 569 3258 12
589 3204 638 3272 qui
654 3204 749 3258 Osann
765 3203 769 3273 1
785 3201 827 3256 nil
840 3219 856 3256 σ
870 3203 878 3271 11
894 3206 926 3255 13
946 3200 1124 3254 dominieod

109 3280 148 3333 do
163 3277 270 3332 comico
281 3275 410 3329 101112
423 3275 459 3329 do
474 3275 610 3329 cominico
619 3280 645 3326 x
656 3291 724 3329 corr.
734 3273 803 3328 Jar.
819 3275 828 3342 11
844 3278 876 3326 14
890 3273 951 3326 acie
961 3273 1102 3326 Baehrens
1115 3270 1124 3342 11

110 3355 145 3404 15
168 3350 245 3418 n(a)e
266 3346 371 3401 uiasd
393 3363 429 3401 ne
451 3346 537 3400 liuius
550 3346 593 3398 Ι111
609 3347 612 3417 1
629 3346 723 3400 seruat
741 3367 762 3398 ω
783 3360 851 3399 corr.
870 3344 930 3398 edd.
949 3349 1008 3398 cett.
1034 3344 1124 3397 servet

109 3421 247 3491 pretium,
271 3418 385 3472 tertiust
403 3419 509 3474 arnon
531 3419 540 3488 11
564 3422 596 3470 17
615 3415 713 3470 licium
730 3421 778 3469 10
801 3414 868 3468 licio
887 3414 967 3483 (·inio
982 3432 1015 3468 m.
1030 3416 1059 3482 21
1077 3418 1103 3465 x
1115 3413 1134 3481 11

110 3497 145 3546 18
169 3490 352 3557 consequitur
370 3509 391 3542 ω
413 3506 482 3544 corr.
501 3489 632 3543 Pithoeus
648 3490 658 3558 1
678 3493 710 3541 19
733 3485 867 3542 trabeam
882 3486 946 3546 Qu
956 3488 1030 3554 111
1047 3483 1148 3543 antis„

110 3578 199 3619 eausa
211 3583 234 3616 ω
252 3577 320 3616 eon.
336 3565 374 3626 σ1
387 3565 422 3615 26
438 3576 530 3629 neque
545 3577 595 3617 oni.
613 3566 635 3621 α
