2438 3878
143 181 186 245 52
563 178 679 245 xu133
700 184 733 231 14

142 348 230 425 sunt,
258 344 316 425 ita,
344 344 399 426 qui
426 346 540 427 regnat
567 342 668 407 intra
695 345 859 406 montem
882 340 1059 424 Taurum,
1088 364 1161 406 non

141 433 246 497 solum
270 433 305 497 in
326 435 436 496 monte
455 431 560 495 Tauro
582 435 704 516 regnat,
728 430 783 495 sed
806 432 840 494 in
861 429 912 494 his
933 432 1030 495 etiam
1049 432 1160 516 regio·

141 521 250 604 nibus,
274 543 354 605 quae
377 520 483 585 Tauro
506 524 615 584 monte
637 520 837 584 clauduntur.

97 627 130 675 29
206 608 295 675 Num
323 611 423 695 igitur
450 610 621 673 secundum
650 609 745 673 istam
771 607 941 672 verborum
964 607 1007 671 M.
1031 607 1159 673 Tullii

141 698 392 780 similitudinem,
412 699 467 781 qui
485 697 613 762 iubetur
633 698 729 761 ‘intra
743 696 915 761 Kalendas’
934 698 1159 781 pronuntiare,
1184 723 1196 763 r

142 789 169 852 is
192 792 224 852 et
247 791 320 851 ente
339 787 500 851 Kalendas
524 791 556 851 et
577 787 657 869 ipsis
676 785 829 850 Kalendis
851 787 920 849 iure
943 788 1158 868 pronuntiare

141 876 269 960 potest?
309 874 424 959 Neque
446 877 479 939 id
501 876 539 940 fit
563 876 652 959 quasi
673 876 842 960 privilegio
862 874 1000 958 quodam
1019 875 1159 941 inscitae

142 965 389 1048 consuetudinis,
412 965 468 1030 sed
491 968 576 1029 certa
593 965 726 1028 rationis
746 964 976 1046 observatione,
999 966 1158 1046 quoniam

143 1075 236 1118 omne
259 1056 400 1138 tempus,
424 1054 510 1137 quod
533 1052 748 1118 Kalendarum
772 1053 822 1118 die
845 1052 1032 1136 includitur,
1058 1053 1158 1118 ‘intra

142 1141 311 1207 Kalendas’
336 1165 405 1208 esse
427 1146 513 1208 recte
536 1143 660 1207 dicitur.
1171 1167 1194 1208 1⁰

608 1317 686 1383 XIV

196 1441 323 1496 ‘Saltem'
343 1441 482 1510 particula
501 1457 586 1510 quam
603 1442 660 1494 vim
678 1441 782 1496 habeat
800 1443 830 1495 et
848 1455 932 1509 quam
951 1440 1099 1510 originem.

115 1567 129 1616 1
209 1549 354 1615 ‘Saltem'
383 1551 540 1635 particula
567 1572 664 1633 quam
691 1551 823 1615 haberet
850 1551 1028 1635 principem
1057 1552 1157 1638 signi-

141 1640 324 1705 ficationem
358 1661 502 1723 quaeque
532 1641 620 1704 vocis
652 1640 745 1704 istius
777 1641 867 1725 origo
895 1643 991 1722 esset,
1024 1661 1157 1721 quaere-

116 1729 263 1793 abamus.
313 1727 363 1793 Ita
395 1729 480 1792 enim
511 1728 661 1812 primitus
692 1729 810 1793 factam
843 1749 911 1792 esse
938 1732 1086 1812 apparet,
1121 1734 1158 1795 ut
1170 1754 1190 1795 u

71 1832 73 1834 ·
141 1839 208 1881 non
239 1818 396 1900 videatur,
428 1818 523 1882 sicuti
555 1818 710 1907 quaedam
740 1818 964 1902 supplementa
991 1819 1158 1902 orationis,

116 1909 262 1972 atemere
284 1911 317 1971 et
335 1908 497 1970 incondite
516 1906 694 1990 adsumpta.
735 1904 843 1990 Atque
861 1910 937 1988 erat,
961 1906 1016 1988 qui
1035 1907 1159 1973 diceret

142 1995 258 2079 legisse
273 2017 306 2060 se
319 1996 354 2060 in
370 1995 631 2082 grammaticis
650 1996 934 2060 commentariis
953 1993 988 2058 P.
1002 1992 1158 2081 Nigidii

143 2084 261 2167 (p.19,·
281 2083 413 2167 ceso.)
438 2085 574 2149 ‘saltem'
604 2106 643 2148 ex
670 2106 708 2149 eo
737 2085 871 2167 dictum,
899 2083 985 2166 quod
1007 2088 1094 2150 esset
1119 2086 1158 2151 ‘si

142 2174 256 2256 aliter',
279 2174 375 2256 idque
397 2175 504 2257 ipsum
528 2173 590 2238 dici
609 2174 741 2239 solitum
759 2195 817 2258 per
835 2173 1056 2256 defectionem,
1080 2196 1157 2239 nem
1170 2199 1190 2240 a

116 2263 270 2344 splenem
303 2284 371 2328 esse
399 2263 603 2327 sententiam:
636 2262 675 2327 ‘si
702 2264 795 2327 aliter
820 2284 886 2327 non
913 2262 1041 2346 potest'.
1094 2261 1158 2328 Sed

142 2352 175 2414 id
193 2372 252 2415 nos
271 2353 306 2415 in
324 2352 443 2417 isdem
462 2352 749 2416 commentariis
767 2350 801 2414 P.
820 2348 985 2437 Nigidii,
1006 2370 1081 2414 cum
1102 2374 1157 2417 eos

141 2461 217 2521 non,
240 2441 363 2524 opinor,
385 2441 545 2505 incuriose
567 2441 764 2525 legissemus,
787 2462 945 2524 nusquam
964 2440 1156 2506 invenimus.

116 2546 132 2595 5
208 2527 368 2595 Videntur
398 2534 505 2594 autem
537 2528 635 2593 verba
665 2529 727 2594 ista
756 2530 794 2593 ‘si
821 2529 914 2593 aliter
940 2549 1006 2592 non
1034 2530 1156 2612 petest'

142 2638 161 2681 a
184 2618 418 2704 significatione
441 2617 570 2701 quidem
592 2619 726 2682 voculae
748 2617 857 2700 huius,
882 2618 921 2681 do
944 2639 1007 2700 qua
1031 2620 1156 2700 quaeri·
1169 2642 1189 2684 a
1218 2649 1219 2663 ¹

142 2728 227 2790 mus,
254 2729 319 2771 non
347 2707 526 2772 abhorrere.
573 2702 628 2770 Set
651 2711 701 2771 tot
723 2706 820 2771 verba
842 2710 950 2771 tamen
972 2706 1007 2770 in
1030 2710 1156 2790 paucis·
1218 2715 1219 2731 ³

143 2797 239 2860 simas
270 2797 394 2860 litteras
426 2795 553 2860 cludere
584 2796 738 2879 inprobae
770 2795 932 2863 cuiusdam
964 2794 1156 2863 subtilitatis

214 3012 247 3060 13
257 3024 317 3076 sqq.
337 3005 410 3058 Serv.
425 3006 457 3057 A.
472 3004 511 3058 [v
525 3010 575 3058 ear
594 3005 664 3058 non.
680 3004 740 3060 Ter.
755 3006 840 3059 Andr.
854 3005 880 3059 Π
896 3012 919 3072 1,
935 3010 968 3058 ra
984 2992 1037 3060 Ad.
1049 3006 1111 3075 112,
1122 3013 1154 3061 41

142 3078 246 3132 Anccd.
261 3077 295 3130 H.
312 3081 371 3143 263,
387 3081 420 3129 22
432 3077 494 3130 adn.

214 3279 231 3325 4
249 3270 323 3326 Nam
338 3276 359 3331 α
376 3270 440 3325 Non
453 3278 478 3324 x
491 3272 530 3343 1Ιὸ
549 3272 615 3327 iube
633 3274 657 3341 (t
669 3273 733 3327 add.
748 3291 782 3327 m.
796 3276 826 3343 2)
841 3274 884 3342 011
897 3277 914 3325 6
928 3275 957 3326 et
970 3273 1000 3326 in
1015 3274 1087 3343 ipsis
1104 3274 1156 3347 llll

144 3349 159 3396 7
181 3344 293 3413 potest?
316 3341 467 3416 (potest)
489 3359 581 3413 neque
599 3345 723 3399 Eussner
738 3346 742 3413 Ι
758 3344 861 3399 insitae
880 3346 967 3398 ollx
987 3346 998 3413 l!
1021 3351 1038 3399 8
1063 3349 1156 3401 certae

145 3415 256 3470 Oromer
277 3417 287 3485 ΙΙ
310 3420 343 3468 10
360 3418 437 3470 recte
455 3431 506 3470 om.
521 3419 564 3467 ΒΖ
587 3417 597 3485 {l
620 3421 652 3469 13
670 3415 799 3484 principe
816 3419 859 3467 ΒΖ
881 3417 892 3484 ll
915 3419 947 3468 18
967 3432 997 3470 se
1015 3422 1136 3479 22201

175 3487 307 3541 ammatis
326 3491 347 3546 0
365 3488 376 3556 ΙΙ
396 3493 429 3541 21
449 3486 532 3558 sent]
552 3487 708 3541 orationem
727 3488 762 3540 11
776 3486 1136 3557 ΙΙ2221(ἰ)2(1222δ11οΠ

123 3504 223 3608 fferre,
237 3560 289 3626 yff
299 3563 336 3611 26
354 3557 490 3614 aberrare
503 3563 528 3612 1
542 3560 552 3630 l
566 3563 599 3613 22
620 3559 756 3614 ducerer
