2438 3878
558 180 596 233 XI
616 186 648 234 13
1069 179 1110 243 15

96 365 171 407 non
194 347 336 428 potest,
361 343 453 426 quin
476 347 540 406 aut
563 344 654 407 olim
677 343 813 427 cupide
832 344 1026 428 adpetisse
1046 347 1111 406 aut

96 454 195 498 nunc
218 436 359 497 temere
381 432 606 515 repudiasse
629 432 818 497 dicamini.

165 519 282 586 Cursus
314 521 415 607 igitur
446 521 499 584 hio
528 525 560 585 et
588 543 685 585 sonus
711 522 867 586 rotundae
895 520 1137 604 volubilisque4

97 611 273 675 sententiae
305 610 421 674 eximie
453 631 512 674 nos
544 613 577 674 et
608 611 702 674 unice
734 610 926 694 delectabat,
958 614 1049 674 tanto
1077 609 1111 673 id

68 700 213 786 imagis,
242 700 329 783 quod
355 699 420 763 iam
447 704 525 763 tunc
553 697 585 763 (l.
613 697 797 782 Graccho,
824 701 893 764 riro
922 699 1050 763 inlustri
1078 703 1111 762 et

97 809 217 871 severo,
236 787 392 853 eiusmodi
412 788 678 871 compositionem
696 789 795 853 fuisse
812 790 901 853 cordi
914 788 1109 853 videbamus.

98 876 162 942 Sed
189 878 288 961 enim,
316 898 388 942 cum
416 878 526 942 eadem
553 877 624 961 ipsa
651 877 748 941 verba
775 879 902 961 saepius
926 877 1136 960 petentibuse

96 966 191 1032 nobis
218 967 452 1050 lectitarentur,
480 967 636 1030 admoniti
663 988 682 1030 a
706 965 897 1031 Castricio
923 989 1047 1049 sumus,
1074 969 1111 1029 ut

97 1056 384 1138 consideraremus,
416 1077 497 1139 quae
529 1056 578 1120 vis
608 1056 733 1137 quodve
762 1056 1014 1120 emolumentum
1042 1056 1110 1120 eius

56 1169 83 1210 ro
97 1145 274 1210 sententiae
305 1145 401 1228 foret,
433 1166 537 1227 neque
569 1149 763 1228 pateremur,
795 1148 832 1208 ut
863 1166 955 1208 aures
983 1148 1111 1208 nostrae

98 1234 239 1300 cadentis
262 1237 337 1317 apte
360 1234 514 1297 orationis
537 1233 641 1298 modis
665 1233 845 1297 eblanditae
868 1233 1012 1297 animum
1033 1255 1111 1317 quo-

98 1344 160 1406 que
183 1323 277 1387 nobis
300 1323 467 1406 voluptate
490 1322 578 1386 inani
601 1323 836 1407 perfunderent.

164 1410 310 1495 Cumque
336 1432 396 1476 nos
424 1412 643 1477 adm0niti0ne
665 1412 727 1477 ista
752 1412 946 1476 adtentiores
970 1411 1110 1475 fecisset:

99 1501 268 1585 ‘inspicite’
302 1501 408 1584 inquit
441 1501 593 1585 penitus,
626 1502 703 1585 quid
731 1501 872 1565 efficiant
898 1501 996 1565 rerba
1022 1499 1112 1583 haee,

55 1616 82 1656 rs
97 1588 246 1672 dicatque
278 1589 371 1672 mihi,
409 1611 541 1673 quaeso,
575 1591 677 1673 aliqui
708 1594 864 1675 vestrum,
896 1613 938 1654 an
970 1591 1012 1654 sit
1044 1591 1111 1653 ulla

96 1678 229 1743 huiusce
268 1679 444 1743 sententiae
481 1679 620 1764 gravitas
657 1683 713 1743 aut
749 1680 864 1765 gratia:
906 1678 1008 1755 Quae
1043 1700 1110 1743 ros

97 1768 234 1851 cupide
260 1789 328 1852 per
353 1768 469 1832 hosce
496 1789 614 1832 annos
638 1769 843 1852 adpetistis
867 1772 980 1852 atque
1003 1769 1110 1832 volu-

95 1857 199 1940 istis,
236 1878 290 1942 ea,
327 1858 360 1920 si
396 1861 536 1922 temere
567 1858 834 1942 repudiaritis,
871 1857 1004 1922 abesse
1036 1879 1111 1921 non

96 1949 240 2029 potest,
255 1946 347 2030 quin
364 1949 429 2010 aut
448 1947 539 2010 olim
559 1947 696 2030 cupide
714 1946 909 2031 adpetisse
929 1951 994 2010 aut
1012 1967 1110 2010 nunc

54 2038 239 2103 rotemero
271 2032 494 2118 repudiasse
522 2036 712 2100 dicamini.
764 2033 823 2099 Oui
851 2036 937 2099 enim
966 2036 1137 2099 omniumr

96 2122 266 2188 hominum
289 2124 323 2188 in
346 2127 486 2188 mentem
509 2146 575 2188 non
592 2124 682 2189 venit
699 2125 733 2188 id
750 2125 895 2207 profecto
914 2146 975 2187 usu
993 2124 1110 2202 venire,

95 2216 147 2298 ut,
175 2214 262 2296 quod
285 2213 400 2297 cupide
423 2214 606 2297 adpetieris,
635 2213 749 2296 cupide
772 2213 931 2296 adpetisse
955 2215 1000 2295 et,
1024 2212 1111 2296 quod

95 2306 217 2366 temere
239 2303 465 2386 repudiaveris,
488 2305 607 2366 temere
629 2300 814 2386 repudiasse
833 2302 969 2366 dicaris?
1010 2302 1055 2365 At
1074 2302 1136 2387 sir

96 2391 233 2476 opinor,'
251 2392 358 2474 inquit
377 2392 434 2455 ‘ita
452 2392 608 2475 scriptum
627 2394 722 2455 esset:
742 2390 854 2467 “Quae
870 2413 927 2455 ros
943 2413 1000 2475 per
1013 2390 1110 2456 hosce

54 2506 81 2548 rs
95 2501 198 2544 annos
225 2481 392 2564 adpetistis
420 2484 516 2564 atque
542 2481 704 2564 voluistis,
734 2502 771 2544 ea
797 2502 883 2546 nunc
911 2481 938 2545 si
964 2481 1111 2564 repudia-

95 2569 177 2652 ritis,
197 2569 308 2634 abesse
326 2591 393 2633 non
411 2573 527 2653 potest,
551 2569 629 2653 quin
647 2573 703 2633 aut
722 2569 798 2633 olim
819 2568 932 2653 cupide
951 2571 1111 2652 adpetisse

95 2661 153 2723 aut
180 2679 265 2722 nunc
292 2662 410 2722 temere
437 2659 621 2742 repudiasse
648 2658 833 2742 dicamini’',
866 2659 893 2722 si
920 2658 977 2722 ita’
1005 2659 1136 2742 inquit8

97 2747 281 2830 ‘diceretur,
308 2748 437 2832 gravior
464 2747 585 2811 scilicet
612 2747 808 2830 solidiorque
834 2748 926 2811 fieret
953 2749 1111 2812 sententia

96 2839 130 2900 et
157 2836 314 2920 acciperet
341 2836 464 2920 aliquid
492 2837 594 2900 iustae
622 2837 656 2900 in
683 2836 840 2900 audiendo
864 2837 1110 2920 expectationis3

53 2951 81 2994 11
95 2945 183 2989 nunc
206 2929 312 2988 autem
335 2925 433 2990 rerba
455 2924 535 2989 haec
556 2925 692 3009 cupide
711 2929 743 2989 et
761 2929 915 3009 temere,
938 2927 971 2991 in
992 2925 1136 3010 quibust

95 3013 204 3078 verbis
232 3034 326 3078 omne
353 3018 553 3078 momentum
580 3015 627 3079 rei
654 3018 716 3097 est,
742 3036 808 3078 non
835 3015 870 3079 in
893 3015 1111 3079 concludenda

96 3101 256 3168 sententia
278 3106 405 3167 tantum
429 3104 592 3186 dicuntur,
618 3104 674 3168 sed
697 3125 793 3187 supra
817 3125 944 3187 quoque
967 3104 1110 3167 nondum

96 3190 275 3256 desiderata
306 3197 483 3276 ponuntur,
515 3196 548 3256 et
580 3215 661 3277 quae
688 3193 775 3256 nasci
805 3193 945 3276 oririque
972 3213 1011 3256 911
1041 3193 1111 3275 ipsa

95 3280 144 3344 rei
168 3281 376 3363 conceptione
399 3281 571 3366 debebant,
595 3285 669 3345 ante
693 3281 837 3365 omnino,
861 3303 957 3365 quam
979 3302 1031 3345 res
1054 3302 1110 3365 po-

170 3495 185 3543 9
212 3491 416 3546 consideremus
435 3497 478 3545 ΒΖ
500 3494 510 3562 tt
534 3498 567 3546 14
591 3508 666 3564 quae
682 3491 798 3548 iaciant
810 3496 838 3546 1
860 3491 917 3560 qui
934 3488 1080 3543 deterant
1090 3482 1152 3546 ’1111

99 3569 131 3617 15
151 3562 300 3629 dicantque
313 3567 359 3616 ΒΖ
371 3566 380 3635 J
393 3564 464 3623 insit
478 3566 566 3628 (11101
580 3569 592 3640 tl
607 3573 640 3624 19
662 3568 717 3624 aut
735 3566 837 3639 nunct
851 3567 886 3621 et
904 3559 1026 3630 quod'b
