2438 3878
112 183 154 247 38
574 182 660 235 XH⁵

177 344 285 429 Atque
318 343 395 410 hinc
427 367 557 411 exorsus
590 346 628 410 de
660 345 769 410 dolore
802 349 898 428 atque
930 345 968 409 de
1001 345 1127 430 gemitu

85 432 213 500 sStoioi
245 435 440 521 aegrotantis
467 436 513 499 ita
540 435 702 499 disseruit:
736 433 883 499 ‘Natura'
911 433 1017 518 inquit
1045 435 1127 499 ‘om-

109 525 199 588 nium
221 545 338 607 rerum,
361 546 442 607 quae
464 545 524 588 nos
547 525 666 610 genuit,
690 524 795 587 induit
813 524 907 588 nobis
926 524 1127 606 inolevitque

109 614 145 678 in
167 614 245 697 ipsis
269 614 378 678 statim
401 613 581 697 principiis,
607 613 723 696 quibus
747 614 814 677 nati
838 635 957 695 sumus,
980 634 1127 678 amorem

109 704 212 767 nostri
248 706 280 766 et
315 702 479 767 caritatem
511 703 556 766 ita
587 722 732 785 prorsus,
768 705 805 765 ut
836 702 918 765 nihil
950 702 1127 785 quicquam
1154 728 1166 768 a

109 795 193 856 esset
215 791 319 855 carius
342 791 536 875 pensiusque
558 790 652 855 nobis
672 813 768 874 quam
786 794 913 855 nosmet
931 790 1002 874 ipsi,
1025 795 1127 874 atque

108 880 172 944 hoc
199 902 267 944 esse
294 882 538 945 fundamentum
565 883 666 944 ratast
694 880 927 944 conservandae
952 879 1125 944 hominum

108 969 345 1053 perpetuitatis,
382 970 409 1034 si
445 970 664 1052 unusquisque
700 973 860 1052 nostrum,
898 969 994 1032 simul
1025 972 1125 1052 atque

108 1058 211 1122 editus
235 1059 269 1122 in
291 1060 396 1124 lucem
419 1059 511 1142 foret,
536 1060 650 1123 harum
673 1059 762 1142 prius
785 1080 892 1122 rerum
915 1078 1045 1121 sensum
1069 1059 1124 1122 ad-

92 1147 343 1232 ·fectionemque
366 1153 502 1233 caperet,
525 1170 607 1231 quae
629 1171 648 1212 a
671 1147 832 1212 veteribus
855 1146 1058 1231 philosophis
1081 1147 1124 1211 τὰ
1138 1173 1163 1213 ro

107 1247 220 1322 πρῶτα
243 1238 324 1302 κατὰ
348 1239 453 1321 φύσιν
475 1238 637 1321 appellata
660 1241 747 1301 sunt:
771 1240 808 1300 ut
829 1236 978 1321 omnibus
998 1236 1124 1301 scilicet

107 1327 250 1410 corporis
278 1327 328 1390 sui
356 1326 532 1390 commodis
560 1327 725 1412 gauderet,
753 1326 793 1390 ab
817 1324 1029 1389 incommodis
1055 1347 1123 1390 om-

105 1415 201 1478 nibus
220 1414 412 1479 abhorreret.
453 1414 569 1479 Postea
588 1438 645 1499 per
663 1416 858 1479 incrementa
876 1414 989 1479 aetatis
1009 1418 1123 1479 exorta

107 1525 124 1567 e
148 1504 323 1568 seminibus
347 1505 413 1567 suis
436 1504 551 1568 ratiost
573 1508 605 1567 et
627 1504 737 1568 utendi
761 1503 888 1568 consilii
906 1504 1067 1587 reputatio
1088 1508 1123 1568 et

105 1591 283 1657 honestatis
306 1592 519 1676 utilitatisque
542 1616 635 1657 verae
655 1594 885 1678 contemplatio
905 1592 1122 1676 subtiliorque
1137 1616 1160 1658 rs

105 1684 137 1745 et
170 1682 366 1764 exploratior
393 1682 635 1747 commodorum
662 1681 1046 1765 <incommodorum>que
1074 1683 1122 1746 di-

103 1771 220 1854 lectus3
243 1774 339 1854 atque
362 1773 408 1835 ita
431 1794 507 1855 prae
530 1771 642 1836 ceteris
666 1772 815 1836 omnibus
839 1770 955 1836 enituit
979 1773 1010 1834 et
1029 1794 1121 1854 prae-

81 1860 195 1922 -fulsit
224 1859 331 1925 decori
359 1864 391 1924 et
418 1859 546 1925 honesti
574 1861 712 1946 dignitas
740 1883 790 1944 ac,
823 1861 850 1925 si
877 1861 907 1924 ei
933 1860 1120 1925 retinendae

104 1947 335 2013 obtinendaeve
352 1949 592 2014 incommodum
610 1951 806 2014 extrinsecus
820 1949 952 2032 aliquod
966 1948 1120 2033 obstaret,

103 2041 325 2122 contemptum
353 2041 414 2123 est3
441 2061 545 2122 neque
573 2039 660 2103 aliud
685 2060 753 2103 esse
776 2062 849 2104 vere
873 2042 905 2103 et
928 2039 1120 2122 simpliciter
1134 2063 1158 2102 ao

102 2126 224 2191 bonum
256 2128 319 2192 nisi
349 2125 535 2213 honestum,
567 2128 654 2193 aliud
687 2129 859 2212 quicquam
887 2129 1021 2209 malum,
1053 2129 1119 2192 nisi

103 2216 189 2298 quod
220 2221 315 2301 turpe
346 2222 443 2300 esset,
475 2219 692 2282 existimatum
725 2222 781 2282 est.
831 2216 968 2299 Reliqua
999 2219 1118 2301 omnia,

102 2325 184 2387 quae
211 2305 246 2369 in
272 2306 377 2370 medio
405 2307 512 2371 forent
539 2328 576 2371 ac
598 2329 702 2390 neque
723 2307 859 2371 honesta
882 2309 988 2369 essent
1010 2328 1118 2390 neque

101 2394 221 2477 turpia,
257 2416 361 2477 neque
395 2396 480 2459 bona
512 2418 580 2460 esse
611 2418 714 2479 neque
746 2397 831 2459 mala
863 2395 1024 2458 decretum
1059 2398 1116 2460 est.

100 2480 332 2547 Productiones
355 2488 464 2548 tamen
486 2489 518 2548 et
535 2485 705 2549 relationes
724 2486 790 2549 suis
809 2505 954 2568 quaeque
972 2504 1116 2548 momen·
1132 2510 1155 2550 u

100 2571 142 2635 tis
166 2572 335 2637 distinctae
358 2573 541 2657 divisaeque
564 2576 648 2656 sunt,
671 2594 752 2656 quae
775 2571 966 2659 προηγμένα
984 2577 1016 2637 et
1035 2572 1117 2639 duo-

99 2659 290 2746 προηγμὲνα
326 2661 388 2745 ipsi
420 2665 544 2727 vocant.
598 2662 771 2746 Propterea
802 2664 952 2745 voluptas
984 2684 1116 2746 quoque

100 2753 133 2814 et
156 2750 255 2834 dolor,
279 2752 366 2833 quod
388 2752 547 2816 adfinem
570 2752 677 2836 ipsum
700 2752 781 2816 bene
804 2752 960 2834 beateque
984 2751 1117 2816 vivendi

100 2839 248 2922 pertinet,
273 2843 304 2903 et
327 2840 362 2903 in
384 2840 498 2904 mediis
520 2842 631 2906 relicta
654 2845 686 2905 et
708 2863 812 2924 neque
834 2841 869 2904 in
891 2839 985 2903 bonis
1009 2862 1116 2924 neque

73 2928 134 2992 Sin
156 2928 249 2992 malis
273 2929 413 2994 iudicata
436 2934 518 2994 sunt.
561 2929 624 2994 Sed
647 2931 732 2994 enim
756 2930 907 3014 quoniam
928 2929 980 2992 his
1000 2931 1155 3013 primissa

104 3082 110 3095 ·
171 3083 204 3130 aa
224 3076 280 3131 cic.
294 3078 340 3130 fin.
355 3077 394 3131 111
409 3083 450 3146 15,
465 3084 513 3146 εις
529 3085 570 3147 ra,
585 3083 619 3133 sa
634 3078 676 3133 IV
690 3083 732 3146 aa,
748 3083 780 3131 ra

172 3217 185 3263 1
206 3211 241 3266 de
255 3213 349 3283 priua]
369 3215 398 3267 et
417 3212 451 3272 0¹
469 3230 519 3268 om.
534 3217 581 3266 xz
598 3213 608 3282 11
627 3217 642 3265 7
661 3212 733 3283 esse]
752 3213 795 3265 est
814 3217 834 3271 Q
857 3227 917 3265 esse
936 3212 1013 3280 quod
1030 3218 1056 3265 x
1073 3214 1076 3285 1
1094 3214 1112 3267 f.

97 3283 238 3354 rata(e)st]
254 3283 367 3343 ΕΜ
382 3284 401 3338 f.
416 3286 479 3338 rata
493 3289 511 3336 z
524 3283 709 3354 fundata(e)st
723 3285 810 3336 0Hx
822 3285 832 3352 11
847 3288 879 3337 16
895 3283 1051 3352 exploratio
1066 3290 1092 3337 x
1108 3286 1111 3356 1

97 3355 188 3422 suppl.
205 3356 262 3410 Ba.
282 3358 291 3426 11
309 3361 344 3409 22
363 3356 439 3424 quod
458 3357 487 3409 et
505 3360 553 3408 01
570 3356 580 3424 11
598 3360 632 3408 at
650 3353 807 3409 relaxiones
825 3359 846 3406 B
868 3354 1035 3409 reiectiones
1055 3357 1113 3412 ste-

97 3425 208 3492 phana
220 3427 230 3495 11
244 3432 277 3480 26
295 3427 570 3480 ΠΡΟΗΓΟΥΜΕΝΑ
584 3425 632 3479 ΕΤ
646 3427 707 3495 (ΚΑΙ
722 3427 777 3494 fere
790 3428 819 3496 γ)
835 3425 1114 3482 ΑΠΟΠΡΟΗΓΟΥ-

93 3497 189 3548 ΜΕΝΑ
203 3498 267 3562 fere
285 3519 307 3550 o>
324 3515 393 3554 corr.
414 3514 432 3557 ς
450 3499 461 3567 11
481 3502 515 3551 29
533 3497 676 3566 pertinent
693 3497 732 3549 Ρ
751 3498 761 3566 11
782 3503 816 3551 30
835 3515 860 3565 q.
880 3496 910 3550 in
927 3502 952 3548 X
975 3515 1064 3567 quom
1082 3507 1115 3555 ut

72 3571 227 3624 mmmm
240 3567 322 3633 quod
337 3573 357 3627 0
