2438 3878
514 184 629 238 Xfflla

543 399 606 465 XII

64 521 206 575 Tribunos
226 521 317 590 plebis
336 522 513 591 prensionem
531 522 643 588 habere,
665 523 839 577 vocationem
857 540 912 577 non
931 523 1043 578 habere.

131 647 172 713 In
201 649 337 733 quadam
366 651 534 733 epistula
561 648 651 715 Atei
678 647 877 734 Capitonis
908 651 1105 732 (fr.19H.1

65 736 155 821 Hp.
175 743 242 804 287
259 738 332 821 Br.)
366 740 521 823 seriptum
552 741 690 825 legimus
722 738 936 803 Labeonem
969 738 1080 804 Anti-

34 829 182 893 sstium
214 828 323 912 legum
353 831 449 910 atque
477 851 603 892 morum
631 829 745 913 populi
771 827 911 892 Romani
938 830 1080 912 iurisque

65 918 170 981 civilis
199 917 328 980 doctum
356 917 499 1000 adprime
526 917 633 981 fuisse.
681 915 753 980 Sed
776 918 951 1003 agitabat
973 918 1105 1001 inquita

63 1004 256 1069 hominem
279 1006 442 1069 libertas
466 1007 648 1089 quaedam
670 1007 788 1070 nimia
811 1010 924 1090 atque
945 1028 1078 1071 vecors

63 1115 185 1176 usque
221 1116 277 1177 eo,
314 1098 355 1158 nt
392 1095 479 1158 divo
512 1093 686 1180 Augusto
724 1096 796 1158 iam
833 1096 1009 1179 principe
1043 1100 1080 1159 et

62 1184 343 1267 rempublicam
372 1183 571 1248 obtinente
598 1188 723 1248 ratum
751 1187 877 1247 tamen
904 1207 1079 1268 pensum-

18 1294 136 1355 mque
164 1272 265 1337 nihil
292 1272 464 1355 haberet,
491 1273 568 1336 nisi
596 1274 696 1355 quod
720 1273 866 1336 iussum
890 1277 1079 1337 sanetum-

64 1383 137 1445 que
173 1383 254 1425 esse
287 1363 325 1424 in
353 1360 534 1430 Romanis
568 1361 871 1444 antiquitatibus
904 1362 1080 1447 legisset,

63 1472 102 1515 ae
130 1451 243 1515 deinde
270 1455 392 1532 narrat,
423 1451 501 1534 quid
528 1451 612 1515 idem
639 1451 764 1514 Labeo
792 1472 849 1534 per
876 1452 1032 1515 viatorem
1060 1467 1105 1515 aa

62 1539 202 1603 tribunis
235 1539 323 1623 plebi
349 1543 482 1604 vocatus
509 1541 722 1624 responderit:
755 1537 844 1603 (lum
873 1563 891 1602 a
919 1540 1106 1605 mulieres

62 1629 171 1712 inquit
212 1629 371 1711 quadam
412 1630 561 1693 tribuni
598 1629 723 1713 plebis
760 1629 959 1693 adversum
996 1651 1078 1693 eum

19 1740 47 1780 15
63 1717 162 1781 aditi
189 1718 271 1801 <in>
296 1715 513 1781 Gallianum
542 1719 587 1781 ad
611 1741 693 1782 eum
716 1718 927 1800 misissent,
954 1722 995 1781 ut
1017 1740 1079 1782 ve-

62 1807 166 1869 niret
198 1810 235 1870 et
266 1807 421 1871 mulieri
447 1807 711 1891 responderet,
742 1808 857 1871 iussit
885 1828 981 1890 eum,
1014 1808 1079 1889 qui
1150 1848 1152 1850 -

63 1896 202 1959 missus
234 1900 328 1978 erat,
359 1897 484 1960 redire
512 1900 549 1959 et
575 1897 744 1960 tribunis
773 1896 899 1959 dicere
927 1897 985 1959 ius
1014 1917 1077 1959 eos

63 2005 138 2047 non
169 1983 309 2048 habere
341 2006 462 2067 neque
492 2007 530 2049 se
557 2007 679 2068 neque
706 1986 822 2048 alium
852 2005 1077 2067 quemquam

62 2074 242 2157 vocandi,
283 2074 461 2156 quoniam
500 2073 670 2137 moribus
707 2074 891 2136 maiorum
928 2072 1077 2137 tribuni

20 2163 190 2246 aoplebis
222 2163 464 2246 prensionem
496 2162 695 2243 haberent,
729 2162 970 2225 vocationem
1002 2183 1079 2224 non

62 2250 263 2334 haberent,
291 2273 403 2335 posse
431 2252 552 2336 igitur
580 2272 642 2314 eos
668 2250 797 2314 venire
821 2254 858 2313 et
880 2250 1015 2333 prendi
1038 2272 1076 2314 se

64 2340 210 2422 iubere,
238 2340 303 2404 sed
329 2340 491 2404 vocandi
518 2339 713 2403 absentem
742 2339 799 2402 ius
827 2360 902 2402 non
928 2338 1076 2402 habere.

130 2427 211 2492 Cum
238 2429 301 2493 hoo
328 2430 362 2492 in
390 2450 426 2493 ea
455 2429 656 2513 Capitonis
684 2428 852 2512 epistula
879 2429 1103 2512 legissemus,5

62 2518 95 2581 id
114 2518 221 2601 ipsum
241 2522 353 2602 postea
371 2518 406 2581 in
423 2517 464 2581 M.
482 2517 667 2582 Varronis
685 2539 809 2581 rerum
828 2517 1076 2581 humanarum

23 2626 136 2669 rsuno
166 2611 203 2670 et
229 2608 411 2671 vicesimo
439 2606 540 2670 libro
569 2607 744 2670 enarratius
773 2607 928 2690 seriptum
955 2607 1076 2671 inveni-

63 2719 144 2777 mus,
162 2695 322 2778 verbaque
341 2696 412 2779 ipsa
430 2718 525 2779 super
543 2718 580 2760 ea
595 2717 630 2759 re
644 2694 829 2760 Varronis
848 2696 1075 2779 adseripsimus

63 2785 117 2866 (fr.
136 2784 265 2867 2Mi.):
293 2783 336 2848 In
362 2786 593 2868 magistratu
619 2785 725 2867 inquit
752 2783 895 2848 habent
922 2785 990 2847 alii
1012 2801 1101 2852 vo·6

62 2874 266 2956 sationem,
289 2874 357 2937 alii
380 2874 637 2957 prensionem,
661 2874 729 2937 alii
751 2877 939 2937 neutrum:
965 2893 1075 2936 vooa-

61 2963 221 3044 tionem,
248 2967 289 3026 ut
317 2963 493 3026 eonsules
522 2966 559 3026 et
587 2963 719 3044 oeteri,
749 2961 813 3045 qui
840 2961 982 3025 habent
1009 2962 1074 3025 im-

22 3053 223 3135 aoperium3
251 3052 508 3135 prensionem,
535 3054 577 3115 ut
604 3052 753 3115 tribuni
779 3050 905 3135 plebis
934 3054 970 3114 et
993 3050 1075 3132 alii,

62 3140 127 3222 qui
153 3140 295 3204 habent
318 3142 518 3224 viatorem3
545 3163 666 3224 neque
689 3139 930 3204 vocationem
953 3160 1074 3221 neque

58 3273 273 3284 ——-——---

131 3357 147 3404 6
166 3351 256 3420 prime
276 3351 349 3404 0¹11
367 3353 376 3420 ΙΙ
397 3356 412 3405 7
430 3367 515 3405 necor
533 3335 632 3419 atque
654 3366 749 3404 eorum
768 3350 791 3403 d
813 3364 909 3402 ueoors
928 3350 1074 3417 tamquam

59 3439 157 3476 eorum
176 3423 233 3476 Btl.
257 3425 267 3491 l
291 3427 324 3475 10
346 3423 451 3476 iustum
471 3442 491 3474 ω
515 3438 582 3475 corr.
602 3422 659 3476 Btl.
682 3424 691 3491 ΙΙ
716 3427 748 3474 12
772 3420 929 3489 quidemd
951 3421 1026 3486 ltus
1043 3419 1090 3468 aa

58 3493 310 3563 intelligellianum
328 3498 345 3545 z
370 3493 442 3546 aditi
464 3492 621 3563 gellianum
645 3495 671 3564 (e
695 3510 730 3549 aa
748 3509 768 3548 a
786 3492 833 3563 (ἢ
854 3511 877 3544 a
895 3506 973 3544 soar.
985 3482 1117 3547 mesaab

59 3571 92 3619 21
113 3564 260 3634 prendisse
273 3565 298 3617 d
302 3564 420 3636 0¹11OE

922 3649 963 3704 b*
