2438 3878
123 189 167 254 36
562 187 696 254 XH435

98 353 158 419 aL.
182 351 334 416 Aelium
359 350 547 415 Stilonem
573 351 616 434 (p.
635 355 686 435 37,
704 354 749 415 24
764 350 844 433 Me.)
872 351 975 414 dicere
1003 349 1142 412 solitum

124 442 232 507 ferunt
268 441 303 518 Q.
337 440 500 505 Ennium
538 441 576 504 de
612 443 712 504 semet
748 440 819 523 ipso
856 439 935 504 haec
971 438 1142 521 scripsisse

124 532 346 684 ppqpplqarqqge
374 531 468 594 istam
492 550 618 593 morum
642 533 674 593 et
696 529 818 614 ingenii
840 528 941 612 ipsius
965 526 1001 603 Q.
1020 525 1142 591 Ennii

617 777 648 841 V
1170 802 1182 842 s

126 901 220 954 Sermo
235 899 320 952 Tauri
333 899 495 969 philosophi
510 900 544 954 de
558 900 641 953 modo
657 901 742 967 atque
755 899 864 953 ratione
878 897 1019 953 tolerandi
1033 898 1142 952 doloris

161 972 314 1027 secundum
332 970 488 1025 Stoicorum
507 971 627 1026 decreta.

100 1117 115 1167 1
194 1096 274 1163 Cum
292 1097 437 1183 Delphos
456 1099 495 1162 ad
509 1097 627 1182 Pythia
646 1103 902 1181 conventumque
919 1098 1020 1162 totius
1039 1097 1143 1162 ferme

126 1186 278 1252 Graeciae
309 1188 477 1252 visendum
508 1187 721 1272 philosophus
749 1187 894 1252 Taurus
928 1188 988 1251 iret
1015 1208 1143 1270 nosque

126 1279 155 1341 ei
183 1278 316 1342 comites
344 1298 484 1341 essemus
512 1278 609 1360 inque
638 1299 675 1341 eo
702 1277 816 1342 itinere
838 1276 1012 1340 Lebadiam
1037 1276 1143 1340 venis-
1157 1301 1181 1341 ro

126 1389 245 1450 semus,
279 1366 364 1449 quod
397 1369 445 1429 est
473 1366 626 1449 oppidum
654 1368 796 1430 anticum
823 1367 859 1429 in
884 1369 969 1429 terra
996 1364 1143 1448 Boeotia,

126 1456 269 1519 adfertur
309 1454 355 1518 ibi
391 1455 432 1518 ad
467 1454 630 1518 Taurum
667 1456 805 1519 amicum
842 1455 909 1520 eius
946 1454 1143 1538 quempiam,

126 1544 269 1608 nobilem
293 1544 327 1606 in
351 1541 459 1607 Stoica
482 1544 650 1627 disciplina
673 1543 917 1628 philosophum,
944 1564 1040 1628 aegra
1064 1544 1143 1607 vali-

101 1633 238 1699 atudine
273 1653 461 1716 oppressum
494 1633 690 1697 decumbere.
745 1632 835 1697 'lunc
868 1633 986 1697 omisso
1018 1632 1143 1717 itinere,

128 1722 214 1804 quod
241 1721 386 1804 alioquin
412 1721 637 1785 maturandum
665 1726 745 1805 erat,
778 1726 810 1786 et
836 1722 956 1786 relictis
983 1721 1142 1786 vehiculis
1155 1747 1177 1788 rs

127 1811 234 1895 pergit
257 1832 330 1875 eum
353 1830 488 1894 propere
511 1811 631 1894 videre,
654 1832 777 1895 nosque
801 1812 839 1875 de
862 1832 964 1894 more,
987 1831 1084 1892 quem
1108 1812 1144 1874 in

126 1900 236 1964 locum
264 1920 400 1981 cumque
427 1899 502 1982 iret,
530 1901 631 1964 secuti
658 1922 776 1964 sumus.
821 1899 865 1964 Et
892 1900 948 1964 ubi
976 1900 1016 1963 ad
1038 1900 1144 1984 aedes,
1218 1957 1219 1964 ,

128 1989 257 2072 inquis
281 1989 335 2052 ille
359 1992 509 2074 aegrotus
533 1992 609 2072 erat,
631 1989 844 2073 pervenimus,
871 1989 1015 2053 videmus
1039 1988 1144 2053 homi-

128 2099 203 2142 nem
227 2077 392 2143 doloribus
416 2078 673 2161 cruciatibusque
696 2079 774 2161 alvi,
797 2078 883 2160 quod
907 2074 1018 2141 Graeci
1040 2080 1158 2144 κόλον

129 2168 253 2250 dicunt,
281 2170 313 2230 et
339 2166 421 2231 febri
445 2167 542 2231 simul
563 2167 675 2251 rapida
698 2167 854 2231 adflictari
877 2167 1081 2252 gemitusque
1104 2191 1144 2232 ex
1157 2193 1179 2234 so

129 2277 166 2320 eo
204 2275 391 2340 conpressos
428 2278 594 2340 erumpere
630 2256 824 2340 spiritusque
861 2259 893 2319 et
928 2255 1090 2320 anhelitus
1126 2280 1144 2320 e

129 2347 257 2428 pectore
292 2345 360 2408 eius
392 2344 524 2409 evadere
556 2367 623 2409 non
654 2344 796 2409 dolorem
828 2345 931 2430 magis
963 2345 1143 2411 indicantes

131 2454 227 2516 quarn
250 2456 392 2520 pugnum
415 2433 584 2498 adversum
608 2434 759 2498 dolorem.

102 2538 119 2587 3
195 2519 274 2586 Post
301 2523 426 2604 deinde,
457 2543 529 2587 cum
557 2521 702 2586 Taurus
730 2527 762 2587 et
788 2523 929 2587 medicos
956 2523 1145 2589 accersisset

130 2612 381 2695 conlocutusque
405 2612 443 2675 de
465 2611 610 2675 facienda
633 2612 756 2676 medela
779 2616 862 2676 esset
885 2615 917 2676 et
940 2634 1013 2675 enm
1033 2613 1144 2697 ipsum
1157 2638 1179 2679 ss

129 2701 170 2764 ad
192 2700 391 2765 retinendam
413 2701 601 2783 patientiam
620 2701 804 2765 testimonio
823 2701 1021 2783 tolerantiae,
1045 2723 1144 2785 quam

129 2789 271 2872 videbat,
298 2789 460 2872 perhibito
489 2789 663 2853 stabilisset
690 2790 872 2875 egressique
895 2789 968 2854 inde
991 2790 1032 2854 ad
1055 2790 1145 2856 vehi-

130 2879 202 2942 cula
230 2882 262 2942 ct
289 2878 330 2941 ad
357 2877 489 2942 comites
517 2879 704 2943 rediremus:
738 2878 886 2943 ‘vidistis'
914 2879 1020 2962 inquit
1047 2879 1145 2944 Tau-

129 2989 193 3031 rus
231 2967 308 3030 ‘non
339 2988 415 3031 sane
446 2966 620 3032 iucundum
653 2969 884 3052 spectaculum,
920 2969 975 3032 sed
1009 2971 1145 3054 cognitu

130 3060 239 3120 tamen
269 3055 363 3138 utile,
395 3057 635 3142 congredientes
666 3060 971 3142 conpugnantesque
1001 3057 1180 3141 philoso-so

202 3247 873 3317 aoxvfflro‚axx1‚2slmm.xnvrr‚4

149 3360 346 3368 ..μ-ξ.-

203 3432 271 3480 1-4
290 3444 340 3484 om.
359 3432 384 3480 x
401 3429 411 3496 ΙΙ
430 3432 462 3480 11
487 3428 606 3482 atticum
623 3445 643 3498 y
660 3429 670 3497 ΙΙ
689 3433 721 3481 16
744 3428 834 3483 visere
856 3429 977 3500 Ttysius
994 3430 1004 3498 l
1024 3433 1056 3482 17
1081 3431 1143 3495 iret,

124 3495 299 3573 (sectandi)
317 3514 372 3553 sec.
392 3500 520 3555 Ecastor
536 3502 546 3570 Η
565 3504 598 3554 21
623 3499 780 3569 complexos
800 3502 841 3570 (os
859 3517 893 3557 ccc
910 3501 954 3569 us)
972 3504 996 3551 11
1014 3503 1023 3569 ΙΙ
1042 3505 1078 3556 28
1096 3518 1145 3557 uo·

6 3588 20 3693 g
103 3577 239 3619 memus
251 3571 296 3622 Π
