2438 3878
520 879 562 951 A.
591 879 794 952 GELLII

153 1045 384 1132 NOO'HVM
423 1043 721 1131 ATTIOARVM
761 1045 925 1128 LIBER
966 1043 1167 1133 SEXTVS

543 1221 770 1308 DECIMVS
897 1298 899 1303 ,

649 1568 665 1633 Ι

152 1689 246 1745 Verba
273 1690 383 1744 Musoni
410 1690 571 1760 philosophi
598 1689 705 1745 Graeca
732 1691 818 1762 digna
846 1693 931 1758 atque
958 1691 1047 1748 utilia
1075 1692 1165 1748 audiri

188 1761 396 1830 observarique3
424 1762 604 1829 eiusdemque
630 1762 765 1816 utilitatis
790 1763 931 1817 sententia
954 1780 972 1817 a
994 1764 1035 1817 M.
1061 1763 1165 1820 Catone

187 1833 284 1887 multis
303 1835 368 1888 ante
387 1833 467 1888 annis
487 1832 656 1888 Numantiae
675 1834 712 1888 ad
730 1834 838 1902 equites
858 1834 942 1888 diota.

126 1978 140 2024 1
218 1961 459 2026 Adulescentuli
492 1981 563 2026 oum
596 1961 763 2025 etiamtum
795 1961 830 2025 in
861 1961 981 2026 scholis
1014 1984 1192 2045 easemnqs

152 2048 400 2134 ἐνθυμημάτων
417 2051 479 2116 hoo
499 2049 664 2132 Graecum,
685 2050 771 2132 quod
789 2050 933 2132 adposui,
952 2049 1080 2116 dietum
1100 2073 1165 2116 esse

151 2162 170 2203 a
192 2139 366 2204 Musonio
390 2139 584 2223 philosopho
607 2140 813 2203 audiebamus
837 2142 883 2221 et,
911 2139 1069 2222 quoniam
1095 2163 1165 2205 vere

151 2232 247 2310 atque
273 2229 434 2292 luculente
462 2229 582 2293 dietum
610 2228 778 2310 verbisque
806 2231 854 2291 est
881 2227 1036 2293 brevibus
1061 2233 1096 2294 et
1119 2251 1165 2294 ro-

151 2318 259 2380 tundis
278 2317 430 2399 vinetum,
448 2339 601 2400 perquam
620 2316 757 2381 libenter
774 2317 1024 2381 memineramus
1041 2322 1086 2400 (p.
1101 2323 1165 2384 273

125 2404 234 2488 2Pe.):
252 2404 315 2469 ’'Av
342 2430 372 2469 τι
401 2404 524 2491 πράξῃς
550 2407 653 2471 καλὸν
679 2406 758 2489 μετὰ
783 2407 904 2487 πόνου,
931 2404 950 2469 ὁ
973 2402 1039 2489 μὲν
1062 2410 1164 2483 πόνος
1175 2429 1192 2470 11

151 2500 283 2578 οἴχεται,
301 2494 338 2556 τὸ
358 2490 394 2557 db
412 2495 514 2558 καλὸν
531 2494 634 2578 μένει·
656 2496 697 2559 ἄν
716 2519 748 2558 τι
766 2496 905 2578 ποιήσῃς
923 2495 1068 2577 αἰσχρὸν
1087 2497 1164 2580 μετὰ

149 2581 287 2665 ἡδονῆς,
309 2582 347 2645 τὸ
370 2579 430 2665 μὲν
451 2581 516 2665 ἡδὺ
540 2590 676 2666 οἴχεται,
699 2584 735 2647 τὸ
760 2580 797 2646 dt
820 2583 957 2668 αἰσχρὸν
980 2583 1085 2666 μένει.

124 2688 139 2737 3
216 2669 332 2734 Postea
361 2671 455 2734 istam
482 2673 585 2755 ipsam
613 2672 803 2736 sententiam
830 2672 865 2735 in
893 2669 1054 2739 Catonis
1086 2697 1164 2739 ora·

150 2761 269 2841 tione,
311 2780 418 2841 quam
460 2759 559 2824 dixit
594 2759 824 2825 Numantiae
860 2761 960 2844 apud
997 2765 1164 2845 equites,

150 2849 289 2931 positam
311 2848 456 2933 legimus.
499 2847 585 2925 Quae
609 2850 669 2914 etsi
691 2848 866 2913 laxioribus
890 2851 987 2932 paulo
1008 2852 1163 2938 longiori·
1174 2873 1191 2914 11

150 2937 273 3020 busque
300 2937 405 3002 verbis
433 2938 661 3022 comprehensa
689 2942 738 3003 est
762 2959 935 3022 praequam
959 2939 1046 3005 illud
1071 2941 1163 3006 Grae

150 3046 237 3107 oum,
269 3025 355 3108 quod
386 3027 538 3110 diximus,
573 3028 723 3110 quoniam
755 3031 864 3091 tamen
895 3027 985 3111 prior
1017 3033 1163 3115 tempore

122 3115 376 3197 lantiquiorque
399 3120 460 3198 est,
485 3116 696 3181 venerabilior
718 3116 818 3180 videri
841 3115 942 3180 debet.
989 3116 1105 3184 Verba
1127 3141 1163 3184 ex

150 3205 293 3268 oratione
320 3205 399 3269 haee
426 3208 501 3268 sunt
523 3205 541 3288 (
545 3205 608 3270 Vr
626 3205 687 3290 J.):
715 3202 892 3289 Cogitate
916 3227 998 3270 cum
1025 3210 1162 3274 animis

221 3402 236 3450 3
254 3395 354 3450 utilem
368 3401 422 3466 (em
435 3414 469 3451 ex
482 3397 547 3465 itas)
562 3402 583 3457 Q
599 3397 602 3467 Ι
619 3399 791 3451 sentenciam
805 3429 837 3436 -
854 3398 960 3452 dictam
975 3401 998 3454 d
1013 3402 1023 3471 ΙΙ
1040 3408 1074 3457 16
1089 3403 1160 3472 post-

72 3478 223 3576 .un
236 3473 265 3519 Χ
279 3469 467 3538 preterquam
480 3467 514 3522 Ρ
527 3471 538 3540 ll
552 3473 583 3523 1‘1
604 3469 697 3540 priori
705 3473 753 3521 ’Π
770 3468 865 3536 priore
879 3490 900 3520 ω
