2438 3878
513 197 578 250 xm
595 202 629 250 23
648 199 703 266 (22)
1072 197 1114 260 85

99 364 168 424 tam
196 360 358 442 dixerunt,
385 360 513 424 tertiam
541 361 770 443 produxerunt.
815 359 876 424 Est
902 360 987 424 enim
1009 364 1115 425 rectus
1143 376 1160 422 4

100 471 192 514 casus
229 448 392 532 vocabuli,
429 449 512 513 sicut
546 449 582 512 in
612 448 726 512 libris
758 453 928 513 veterum
961 450 1116 532 scriptum

101 542 159 623 est,
183 537 316 620 ‘Nerio',
339 559 534 621 quamquam
557 537 600 601 M.
618 536 740 602 Varro
763 538 798 602 in
821 542 952 602 satura
972 537 1117 621 Menip-

100 650 183 712 pea,
215 648 297 709 quae
324 626 512 691 inscribitur
539 630 773 710 Σκιομαχία,
805 649 870 692 non
900 625 1032 710 ‘Nerio’,
1063 626 1118 690 sed

74 715 286 783 eNerienes
314 717 459 780 vocative
487 716 566 780 dicit
593 717 628 780 in
654 715 705 779 his
731 716 876 780 versibus
899 719 954 798 (fr.
973 719 1035 780 506
1049 715 1117 799 B.):

146 836 182 896 10
204 829 314 895 Anna
336 832 379 896 10
401 830 588 914 Peranna,
610 829 738 894 Panda
762 829 864 914 Gela,
886 831 923 895 te
946 830 1071 913 Pales,

146 919 333 985 Nerienes
356 920 435 1003 <et>
457 919 641 1003 Minerva,
663 919 834 984 Fortuna
857 922 900 985 ac
924 919 1044 984 Ocres.

101 1035 153 1099 Ex
176 1057 241 1119 quo
263 1036 452 1099 nominandi
475 1056 604 1117 quoque
627 1055 736 1098 casum
760 1036 896 1099 eundem
919 1036 990 1099 fieri
1012 1056 1118 1100 neces·
1147 1052 1162 1100 5

102 1148 174 1190 aum
213 1128 268 1189 est.
330 1122 392 1188 Sed
427 1123 528 1188 Nerio
565 1146 583 1187 a
619 1122 780 1188 veteribus
818 1125 863 1188 sic
900 1124 1120 1188 declinabam
1148 1141 1163 1189 0

60 1242 88 1281 10
102 1214 195 1297 quasi
213 1211 313 1277 Anio:
336 1235 411 1276 nam
435 1212 566 1296 perinde
589 1216 627 1276 ut
645 1211 836 1296 ‘Anienem’,
860 1213 905 1277 sic
924 1212 1120 1277 ‘Nerienem’

102 1303 252 1367 dixerunt
270 1303 364 1366 tertia
383 1301 507 1384 syllaba
526 1301 689 1385 producta.
726 1300 764 1365 ld
778 1307 895 1386 autern,
914 1304 981 1366 sive
995 1301 1118 1366 ‘Nerio'
1149 1319 1164 1367 7

103 1393 170 1457 sive
193 1390 371 1455 ‘Nerienes’
396 1395 452 1472 est,
480 1388 635 1454 Sabinum
658 1391 792 1454 verbum
816 1395 873 1473 est,
897 1413 999 1474 eoque
1023 1392 1121 1476 signi-

102 1482 218 1545 ficatur
244 1481 346 1545 virtus
375 1483 406 1543 01
433 1479 599 1544 fortitudo,
644 1478 757 1563 ltaque
786 1503 825 1543 ex
854 1479 1010 1564 Claudiis,
1038 1502 1118 1563 quos
1147 1497 1162 1544 8

103 1593 121 1634 a
146 1568 273 1634 Sabinis
302 1568 454 1633 oriundos
478 1569 672 1652 accepimus,
701 1570 757 1651 qui
781 1573 849 1633 erat
873 1571 1001 1655 egregia
1024 1574 1120 1652 atque

62 1686 88 1726 11
103 1659 279 1743 praestanti
306 1658 508 1741 fortitudine,
542 1657 653 1722 ‘Nero'
681 1659 861 1742 appellatus
890 1663 945 1723 est.
998 1657 1061 1722 Sed
1088 1659 1121 1721 id
1149 1675 1164 1722 9

104 1746 216 1812 Sabini
248 1746 408 1831 accepisse
441 1770 460 1810 a
489 1745 617 1811 Graecis
649 1747 811 1830 videntur,
844 1749 900 1830 qui
932 1748 1060 1812 vincula
1090 1752 1122 1811 et

102 1839 305 1901 firmamenta
332 1836 551 1900 membrorum
574 1845 677 1920 νεῦρα
700 1837 826 1920 dicunt,
853 1836 938 1900 unde
961 1859 1020 1900 nos
1045 1857 1122 1918 quc-

105 1947 166 2008 que
191 1925 305 1990 Latine
334 1925 472 1988 ‘nervos’
501 1926 709 2008 appellamus.
755 1924 856 1989 Nerio
884 1925 984 2010 igitur
1006 1924 1119 1988 Martis
1131 1942 1164 1998 1ο

104 2015 154 2078 vis
181 2019 212 2079 et
239 2015 385 2099 potentia
413 2017 445 2078 et
471 2016 621 2077 maiestas
650 2014 806 2096 quaedam
835 2035 903 2077 esse
931 2013 1043 2077 Martis
1071 2014 1122 2077 de-

64 2131 91 2170 10
105 2108 309 2168 monstratur.
649 2121 651 2127 ·
1022 2122 1037 2139 ·

171 2192 333 2257 Plautus
370 2195 478 2255 autem
515 2192 549 2254 in
581 2190 816 2255 Truculento
851 2191 1021 2276 coniugem
1054 2209 1166 2257 essen

103 2281 276 2346 Nerienem
304 2280 417 2344 Martis
450 2280 540 2363 dicit,
572 2283 668 2363 atque
698 2281 732 2343 id
760 2279 818 2344 sub
846 2302 983 2363 persona
1010 2281 1123 2344 militis

105 2372 140 2434 in
162 2371 225 2434 hoc
248 2392 342 2435 versu
367 2371 407 2453 (c.
423 2370 512 2453 515):

149 2486 249 2550 Mars
290 2506 450 2570 peregre
492 2484 700 2549 adveniens
738 2486 884 2549 salutat
918 2484 1123 2549 Ne'rienem

64 2601 89 2641 25
692 2595 849 2638 uxorem
874 2596 985 2638 suam.

173 2688 277 2774 Super
300 2712 336 2753 ea
360 2712 394 2754 re
416 2689 524 2753 audivi
542 2711 608 2753 non
626 2688 818 2753 incelebrem
836 2689 1000 2754 hominem
1021 2691 1168 2755 dicerem

104 2780 202 2843 nimis
235 2779 355 2843 comice
383 2777 560 2842 Plautum
594 2777 733 2861 inperito
767 2783 799 2842 01
832 2780 996 2843 incondito
1027 2780 1124 2842 militi

103 2869 219 2933 falsam
251 2889 433 2950 novamque
466 2868 651 2950 opinionem
684 2867 849 2951 tribuisse,
883 2872 920 2931 ut
950 2867 1124 2932 Nerienem

177 3066 210 3113 12
221 3078 280 3129 sqq.
301 3060 375 3114 Suet.
392 3059 453 3114 Tib.
470 3065 484 3112 1
504 3059 598 3127 Lydus
613 3076 701 3114 mens.
716 3059 755 3113 IV
768 3065 802 3112 42
816 3062 871 3129 (60)
885 3076 960 3129 mag.
974 3059 988 3112 I
1002 3065 1035 3112 23
1055 3057 1124 3112 OGL

103 3131 143 3186 VI
158 3137 209 3185 '136
319 3136 350 3184 17
370 3131 436 3185 Isid.
452 3131 490 3184 XI
508 3136 531 3198 1,
547 3136 581 3184 83

177 3298 192 3345 1
213 3291 352 3344 duxerunt
372 3294 406 3345 11
422 3293 431 3361 11
450 3297 465 3344 2
490 3307 571 3344 casus
591 3291 650 3344 eius
669 3295 687 3342 z
705 3293 714 3361 ΙΙ
733 3297 750 3343 4
773 3289 906 3343 scribitur
924 3292 947 3344 δ
965 3293 974 3360 u
993 3296 1009 3343 6
1029 3291 1126 3358 panda

103 3366 133 3417 te
156 3363 217 3416 lato
241 3383 261 3414 ω
289 3363 387 3416 Panda
410 3361 507 3417 Celato
528 3379 544 3421 ς
567 3378 635 3417 corr.
656 3364 739 3417 Mms.
768 3361 866 3414 Panda
888 3363 917 3415 10
940 3361 992 3415 1110
1016 3363 1102 3417 Hertz
1115 3362 1133 3432 11

105 3440 120 3488 7
140 3433 271 3489 Nerienis
291 3435 439 3489 Buecheler
454 3434 458 3507 1
475 3436 503 3488 01
522 3434 586 3488 add.
601 3434 661 3487 edd.
675 3441 736 3488 0011.
754 3433 937 3506 111111οω1111
953 3435 1066 3499 dm
1090 3431 1144 3507 be-

104 3505 261 3561 clinabitur
274 3506 298 3558 δ
316 3507 413 3559 -natur
425 3523 445 3575 γ
459 3522 526 3560 corr.
537 3506 613 3561 11100
627 3508 637 3578 ll
652 3511 685 3561 11
700 3506 849 3578 preducta
864 3521 920 3560 cra.
935 3506 1040 3570 6111
1053 3497 1171 3572 <Qq-

104 3577 234 3646 quisquis
253 3577 461 3632 OFWMueller
471 3580 485 3649 11
499 3584 532 3634 15
558 3579 642 3636 110110
662 3583 712 3654 Qu
725 3587 763 3636 ‘24
784 3577 939 3635 salutauit
957 3579 985 3634 u,
1008 3564 1147 3624 1101111111
1158 3559 1194 3603 'h
