2438 3878
156 189 198 253 74
268 234 277 241 .
499 190 563 244 XIII
582 197 628 258 173
648 195 681 244 18
700 193 758 260 (163
778 194 821 261 17)

154 375 229 437 erga
266 354 369 417 omnis
401 353 547 418 homines
579 354 784 437 promiscam,
820 353 875 418 sed
908 354 1172 419 ‘humanitatem'

153 442 395 525 appellaverunt
422 443 456 506 id
482 444 728 526 propemodum,
759 444 845 525 quod
873 441 984 507 Graeci
1011 444 1172 508 παιδείαν

153 535 283 613 vocant,
318 554 378 596 nos
414 531 625 596 eruditionem
661 532 959 614 institutionemque
995 531 1031 596 in
1066 531 1171 596 bonas

154 620 232 684 artis
265 620 407 685 dicimus.
459 619 544 697 Quas
577 622 633 703 qui
660 622 824 686 sinceriter
851 621 1044 704 percupiunt
1074 622 1171 705 adpe

153 712 298 792 tuntque,
317 710 352 773 hi
371 714 446 774 sunt
463 712 516 774 vel
533 711 673 774 maxime
690 709 921 774 humanissimi.
957 708 1065 773 Huius
1082 711 1194 776 enims

154 798 304 862 scientiae
337 820 412 863 cura
442 805 474 864 et
502 798 671 882 disciplina
698 822 738 863 ex
764 799 921 863 universis
948 799 1171 863 animantibus

153 887 210 950 uni
227 886 351 951 homini
366 889 439 952 data
454 892 502 952 est
515 889 697 970 idcircoque
713 887 918 952 ‘humanitas’
932 888 1098 970 appellata
1112 893 1170 952 est.

127 990 143 1037 2
221 973 274 1041 Sic
297 977 397 1060 igitur
419 999 456 1042 eo
480 977 577 1041 verbo
600 980 723 1041 veteres
747 998 815 1040 esse
832 998 908 1040 usos
927 980 959 1040 et
978 977 1170 1060 cumprimis

153 1063 195 1128 M.
218 1062 427 1131 Varronem
450 1065 692 1148 Marcumque
715 1065 884 1129 Tullium
912 1066 964 1147 (dc
981 1070 1059 1129 orat.
1080 1065 1106 1129 Ι
1120 1070 1170 1144 16,

154 1157 195 1216 71
213 1153 260 1217 ΙΙ
267 1159 317 1233 17,
333 1160 377 1220 72
390 1155 446 1238 at.)
476 1177 585 1219 omnes
613 1154 712 1219 ferme
734 1154 809 1218 libri
833 1155 1001 1218 declarant.
1049 1152 1170 1230 Quam·
1182 1181 1203 1220 10

154 1243 264 1307 obrem
292 1245 369 1308 satis
397 1244 495 1309 habui
522 1266 622 1307 unum
649 1244 778 1308 interim
806 1245 986 1326 exemplum
1010 1265 1169 1326 promere.

127 1329 267 1414 altaque
289 1333 386 1396 verba
404 1334 499 1416 posui
518 1332 702 1397 Varronis
726 1355 742 1397 e
764 1333 866 1397 libro
889 1353 1013 1395 rerum
1037 1333 1170 1396 huma-

153 1443 284 1484 narum
312 1422 447 1505 primo,
475 1422 565 1486 cuius
589 1423 782 1506 principium
804 1421 867 1485 hoc
889 1425 938 1484 est
961 1421 1169 1505 (fr.1Mi.):

152 1508 382 1592 Praxiteles,
423 1511 489 1593 qui
524 1516 683 1593 propter
718 1509 931 1575 artificium
968 1511 1169 1594 egregium

152 1598 296 1661 nemini
334 1602 390 1662 est
422 1600 577 1682 paulum
610 1600 718 1663 modo
751 1598 967 1663 humaniori
998 1598 1168 1682 ignotus.
1181 1625 1200 1666 u

126 1684 380 1750 4Humaniori
403 1689 509 1770 inquit
531 1710 597 1752 non
619 1689 673 1772 ita,
696 1694 732 1753 ut
755 1689 853 1773 vulgo
876 1687 1001 1769 dicitur,
1025 1687 1117 1753 facili
1139 1694 1170 1754 et

152 1776 314 1839 tractabili
342 1781 374 1841 et
401 1777 564 1860 benivolo,
591 1779 719 1841 tametsi
742 1777 829 1841 rudis
852 1777 1033 1840 litterarum
1058 1779 1103 1844 sit
1129 1816 1167 1825 -

153 1863 216 1928 hoc
242 1865 328 1928 enim
356 1886 429 1930 cum
457 1867 614 1931 sententia
636 1888 837 1950 nequaquam
861 1866 1011 1931 convenit
1034 1903 1092 1950 —,
1115 1867 1169 1932 sed

154 1953 319 2018 eruditiori
342 1955 555 2038 doctiorique,
583 1957 638 2038 qui
660 1955 867 2039 Praxitelem,
894 1955 972 2038 quid
993 1955 1110 2040 fuerit,
1139 1961 1169 2021 et

59 2070 60 2077 ¹
153 2064 193 2105 ex
214 2043 305 2107 libris
329 2048 361 2108 et
384 2067 422 2109 ex
445 2045 580 2109 historia
603 2046 797 2130 cognoverit.
1181 2072 1200 2111 a

531 2220 641 2287 xvm
665 2220 787 2308 (xvir)

154 2341 320 2466 ngffflim
337 2342 374 2396 M.
394 2342 528 2398 Catonem
551 2344 709 2413 significent
731 2343 817 2398 verba
837 2343 907 2397 haec
927 2343 1012 2397 ‘inter
1031 2360 1063 2398 os
1084 2348 1168 2413 atque

128 2557 142 2602 1
221 2537 353 2604 Oratio
381 2547 429 2606 ert
452 2540 494 2605 M.
519 2540 675 2606 Catonis
700 2541 873 2606 Censorii
902 2542 945 2605 de
972 2542 1167 2608 aedilibus

153 2627 251 2692 vitio
294 2630 442 2694 creatis.
501 2629 551 2694 Ex
589 2653 626 2694 ea
662 2631 806 2695 oratione
841 2630 938 2695 verba
974 2630 1056 2696 haec
1095 2636 1198 2697 sunta

153 2717 374 2801 (LXVIJ.):
397 2716 506 2783 Nunc
528 2720 582 2783 ita
605 2721 712 2783 aiunt
735 2721 773 2783 in
792 2719 1003 2805 segetibus,
1026 2721 1067 2785 in
1086 2721 1167 2784 her·

152 2806 211 2870 bis
248 2807 346 2870 bona
383 2807 574 2872 frumenta
610 2830 699 2872 esse.
753 2807 886 2873 Nolite
923 2809 977 2872 ibi
1009 2810 1167 2874 nimiam

154 2917 255 2978 spem
274 2895 420 2959 habere.
459 2893 578 2980 Saepe
596 2897 726 2961 audivi
745 2898 846 2962 inter
864 2919 903 2961 os
918 2901 1034 2981 atque
1050 2901 1166 2964 offam

189 3104 433 3231 mirsi-timidi?
448 3106 624 3162 CGLV1399
732 3112 766 3160 26
781 3107 829 3162 cfr.
841 3106 915 3174 Otto,
929 3107 1064 3176 Sprichw.
1077 3129 1105 3179 p.
1118 3115 1164 3164 161

241 3195 252 3230 1
272 3196 282 3230 1
305 3195 352 3246 .p.

199 3291 367 3298 ..-.——.

224 3360 240 3408 2
264 3354 483 3410 ΠὰΤΔΕΙὰΜΖ
510 3355 648 3412 uolnera
669 3359 725 3425 fere
744 3377 765 3409 ω
787 3359 797 3426 ΙΙ
818 3363 835 3409 4
856 3357 943 3428 perc]
964 3361 985 3416 Q
1007 3359 1130 3428 cupiunt
1147 3379 1165 3412 ω

153 3426 313 3495 percipiunt
327 3427 361 3487 α’
374 3430 413 3497 ll>
431 3427 454 3482 ii
468 3429 558 3481 011ss
567 3429 577 3497 ΙΙ
591 3432 624 3480 15
643 3427 790 3497 paululum
806 3447 841 3481 m.
856 3427 1006 3481 humanior
1021 3431 1092 3501 (ign.
1108 3433 1165 3499 om.)

147 3499 223 3579 Noa.
236 3500 251 3566 l)
263 3504 298 3580 1⁶6
316 3500 359 3553 ita
376 3500 410 3552 ut
423 3516 472 3554 om.
488 3501 512 3553 δ
525 3502 534 3569 l
549 3503 582 3552 19
602 3499 765 3568 doctorique
780 3499 836 3558 ΝΖ
850 3500 859 3567 l
873 3503 907 3552 20
926 3514 960 3553 ex
978 3499 1035 3554 hiis
1055 3502 1166 3558 librisz

75 3598 102 3646 ι
133 3580 173 3615 01
186 3567 298 3622 litteras
311 3572 443 3627 Eussner
454 3573 467 3643 ΙΙ
481 3576 514 3626 26
536 3572 664 3645 aguntd
