2438 3878
101 182 141 247 18
558 183 597 237 XI
616 189 649 237 15

98 347 327 430 producuntur.
378 345 462 422 Quid
494 351 576 411 esset
607 350 715 411 autem
746 346 910 411 ludentem
937 368 1031 431 agere
1058 347 1111 410 vel

99 435 231 519 imitari,
262 457 328 499 non
359 435 545 520 intellegere
576 435 678 500 videri
709 436 881 500 maluimus
909 457 1005 519 quam
1033 436 1110 499 insi-

98 525 221 589 mulare
261 546 334 589 eum
375 529 539 607 tamquam
576 524 682 608 ipsum
719 525 824 588 minus
861 526 1109 609 intellegentem.

73 612 184 689 5an
221 613 323 699 magis
361 611 541 677 Scaurum
579 614 722 697 oportuit
758 613 986 679 commentaria
1021 611 1110 678 (lae-

100 701 188 767 selli
220 703 442 766 criminantem
473 701 537 767 hoc
563 703 603 767 ab
636 724 674 767 eo
702 703 909 786 praeteritum
938 703 1111 788 requirere,
1141 730 1153 770 s

100 792 187 875 quod
215 812 282 855 non
309 791 437 874 dixerit,
470 814 511 856 an
539 792 617 874 quid
644 795 676 856 et
704 794 895 876 quantulum
923 791 1064 855 differret
1092 815 1111 855 a

100 879 301 945 ‘ludibunde'
316 879 451 945 ‘ludens'
466 886 498 945 et
514 881 707 945 ‘ridibundo'
719 880 848 945 ‘ridens'
865 885 896 944 et
906 881 1109 945 ‘errabundo'

100 969 230 1033 ‘errans'
251 973 426 1054 ceteraque,
450 992 531 1054 quae
549 969 666 1035 horum
685 974 760 1034 sunt
778 970 904 1052 similia,
927 992 968 1034 an
987 992 1005 1033 a
1024 970 1111 1053 prin·

99 1058 256 1143 cipalibus
290 1058 395 1123 verbis
427 1060 559 1143 paulum
591 1058 714 1143 aliquid
746 1059 913 1140 distarent,
949 1063 981 1122 et
1013 1080 1110 1142 quam

99 1148 230 1212 omnino
258 1147 324 1211 vim
351 1147 483 1213 haberet
505 1148 663 1232 particula
685 1147 764 1214 haec
788 1151 931 1212 extrema
953 1148 1111 1212 eiusmodi
1126 1176 1153 1214 10

74 1237 263 1302 evocabulis
291 1236 406 1301 addita.
451 1236 524 1302 Hoc
551 1238 636 1301 enim
663 1237 726 1301 suit
752 1237 861 1321 potius
883 1237 1110 1319 requirendum

98 1327 134 1391 in
160 1326 341 1390 istiusmodi
368 1327 490 1411 figurae
517 1329 669 1409 tractatu,
699 1327 793 1390 sicuti
819 1327 940 1409 requiri
967 1327 1049 1390 solet
1076 1327 1111 1389 in

100 1414 289 1480 ‘vinulento'
323 1418 355 1478 et
387 1414 571 1479 ‘lutulento'
599 1418 631 1480 et
659 1414 878 1498 turbulento,
910 1436 1050 1478 vacuane
1078 1419 1111 1479 et

99 1505 202 1568 inanis
222 1504 264 1567 sit
282 1503 381 1568 istaec
399 1504 577 1587 productio,
601 1504 780 1568 cuiusmodi
801 1507 884 1586 sunt,
908 1526 989 1588 quae
1007 1525 1111 1587 παρα-

99 1593 207 1677 γωγὰς
231 1589 342 1656 Graeci
365 1592 485 1675 dicunt,
508 1615 549 1657 an
572 1596 714 1657 extrema
736 1593 792 1657 illa
815 1593 973 1677 particula
993 1592 1112 1657 habeat
1127 1621 1152 1660 15

99 1682 223 1765 aliquid
246 1702 321 1745 suae
344 1681 492 1765 propriae
516 1682 767 1767 significationis.

74 1788 88 1836 7
166 1768 247 1834 Cum
273 1769 552 1853 reprehensionem
580 1775 688 1836 autem
715 1771 805 1835 illam
829 1769 963 1836 Scauri
985 1774 1111 1835 notare-

99 1882 184 1943 mus,
216 1860 250 1922 in
281 1860 469 1923 memoriam
500 1860 594 1924 nobis
626 1861 734 1943 rediit,
766 1861 853 1943 quod
883 1859 1044 1924 Sisenna
1076 1861 1112 1923 in

101 1952 235 2032 quarto
255 1948 506 2012 historiarum
522 1949 578 2031 (fr.
587 1952 628 2012 55
638 1948 692 2032 Ρ.)
712 1950 852 2013 eiusdem
870 1951 993 2035 figurae
1011 1950 1110 2014 verbo

99 2039 144 2102 ita
171 2060 248 2102 usus
276 2042 331 2102 est.
377 2035 677 2121 Populabundus
705 2039 811 2122 inquit
838 2061 950 2125 agros
978 2039 1022 2102 ad
1047 2060 1153 2122 op-ao

99 2127 228 2212 pidum
251 2128 440 2212 pervenit,
469 2128 555 2211 quod
578 2128 700 2192 seilicet
723 2128 884 2214 significat
907 2127 992 2192 ‘cum
1015 2150 1110 2213 agros

98 2217 329 2300 popularetur',
353 2238 432 2300 non,
455 2220 491 2280 ut
515 2214 679 2281 Scaurus
702 2218 736 2281 in
759 2217 981 2282 consimilibus
1004 2217 1111 2280 verbis

100 2305 158 2387 ait,
181 2304 266 2369 ‘cum
289 2306 497 2389 populantem
521 2306 640 2391 ageret'
664 2307 716 2370 vel
739 2306 824 2370 ‘cum
846 2307 1047 2371 imitaretur’.

73 2410 89 2458 8
167 2391 230 2458 Sed
261 2393 496 2476 inquirentibus
523 2395 630 2477 nobis,
663 2416 819 2478 quaenam
846 2397 929 2459 ratio
958 2398 990 2459 et
1018 2394 1111 2480 origo

99 2486 183 2546 esset
209 2480 431 2547 huiuscemodi
453 2483 575 2568 figurae
599 2483 868 2568 ‘populabundus'
894 2488 925 2548 et
949 2483 1111 2548 ‘errabun-
1126 2511 1152 2551 as

100 2571 169 2635 dus’
207 2576 239 2635 et
276 2570 509 2637 ‘laetabundus'
547 2577 580 2637 et
617 2572 834 2637 ‘ludibundus'
870 2574 1111 2654 multorumque

100 2660 237 2725 aliorum
256 2660 289 2723 id
307 2682 408 2746 genus
426 2661 607 2745 verborum,
626 2662 823 2745 εὐεπιβόλως
839 2662 945 2728 hercle
959 2660 1109 2746 Apolli-

99 2750 202 2813 naris
229 2753 339 2814 noster
364 2750 465 2814 videri
492 2750 554 2814 sibi
582 2752 627 2814 ait
653 2751 844 2834 particulam
871 2753 964 2816 istam
988 2755 1111 2836 postre-

99 2860 198 2921 mam,
225 2838 260 2902 in
287 2859 383 2921 quam
406 2839 504 2903 verba
525 2840 604 2904 talia
627 2844 756 2923 exeunt,
784 2841 849 2904 vim
873 2845 905 2905 et
928 2841 1054 2924 copiam
1079 2846 1112 2905 et

171 3072 204 3120 18
223 3066 294 3119 Non.
309 3065 360 3120 VH
373 3085 400 3135 p.
413 3072 474 3134 471,
485 3072 518 3120 23
534 3067 663 3122 ‘Sisenna
677 3067 741 3122 hist.
757 3068 805 3122 lib.
820 3067 870 3122 IV:
885 3069 1013 3138 protinus
1028 3086 1111 3139 agros

98 3138 314 3207 populabundos
334 3137 370 3191 ad
388 3137 539 3193 Nuceriam
557 3139 753 3209 (‘Numeriam’
771 3140 861 3209 codd.)
881 3141 1028 3195 convertit'

171 3357 187 3405 6
206 3350 318 3406 differet
335 3353 427 3405 Hox¹
445 3357 548 3407 -srrez
571 3355 580 3422 ll
605 3354 668 3407 'let
684 3353 737 3407 rid.
755 3353 821 3425 riri]
835 3361 860 3407 x
879 3371 928 3409 om.
944 3375 965 3407 ω
988 3357 997 3422 l
1020 3360 1036 3408 8
1055 3373 1110 3423 que

99 3440 149 3478 om.
170 3423 204 3482 αἱ
231 3440 303 3492 quse
326 3440 376 3478 om.
396 3425 451 3478 rell.
479 3423 481 3495 l
507 3424 573 3477 sunt
595 3440 645 3478 om.
665 3427 755 3478 ron
774 3427 783 3494 l
808 3431 840 3479 13
869 3428 897 3480 et
919 3425 969 3478 lut.
995 3443 1044 3480 oar.
1065 3428 1111 3499 δΗ

91 3499 130 3542 14
146 3493 260 3546 isreerr
270 3494 329 3548 ista
344 3495 373 3548 et
386 3495 408 3548 ό
421 3494 478 3549 ista
491 3494 561 3549 hacc
576 3498 662 3548 oux
678 3496 681 3567 l
698 3495 892 3553 ΠὰΡὰΤωΓὰ
906 3502 949 3549 ΒΖ
963 3500 972 3566 ll
987 3503 1019 3550 2ss
1038 3498 1110 3551 mul-

75 3558 173 3609 torm
192 3564 237 3627 (et
250 3580 290 3616 m.
308 3563 355 3634 09
371 3567 418 3634 ‘ll
431 3571 465 3621 28
485 3569 641 3622 extremam
656 3569 689 3622 Π
