2438 3878
128 181 172 246 42
443 196 449 207 ·
567 183 701 252 snas

129 368 168 410 ex
190 346 260 410 viro
283 348 389 430 priore
413 347 571 433 genitum,
598 347 833 412 adulescentem
857 347 1016 430 optimum
1039 351 1072 411 61
1095 347 1147 412 in-

129 435 405 518 nocentissimum,
437 440 605 518 exceptum
638 435 761 500 insidiis
793 436 991 500 occidissent.
1040 434 1146 520 quue

103 524 173 588 sita
201 545 269 588 esse
296 524 417 588 factum
445 525 661 589 controversia
688 547 754 589 non
781 528 856 589 erat.
901 523 1072 589 Dolabella
1094 548 1146 590 re-

102 613 204 677 ctulit
231 613 272 676 ad
299 613 477 678 consilium.
522 611 628 678 Nemo
656 614 824 697 quisquam
851 636 891 678 ex
914 613 1048 678 consilio
1072 635 1145 679 sen-

128 702 262 766 tentiam
289 703 372 766 ferre
399 703 435 765 in
457 723 552 767 causa
575 708 642 768 tam
665 703 798 787 ancipiti
821 702 971 785 audebat,
998 704 1086 785 quod
1111 708 1145 768 et
1173 730 1185 772 6

128 791 309 856 confessum
345 792 549 876 veneficium,
586 813 650 876 quo
685 792 820 857 maritus
855 796 887 856 et
918 793 1003 856 filius
1035 794 1145 857 necati

127 881 242 963 forent,
264 902 330 944 non
353 880 586 946 admittendum
604 881 788 965 inpunitum
806 881 975 945 videbatur
993 885 1025 945 et
1043 881 1145 966 digna

127 973 236 1034 tamen
257 990 361 1052 poena
384 971 419 1034 in
441 969 587 1034 homines
611 971 780 1034 sceleratos
803 969 999 1035 rindIcatum
1017 970 1144 1036 fuisset.

100 1055 296 1123 oDolabella
332 1081 402 1123 eam
438 1082 506 1124 rem
537 1057 681 1123 Athenas
717 1059 757 1122 ad
789 1056 995 1144 AriopagItas
1032 1063 1068 1123 ut
1101 1059 1144 1123 ad

101 1146 247 1212 oiudices
271 1149 432 1234 graviores
454 1149 753 1231 exercitatioresque
771 1148 889 1212 reiecit.
930 1145 1144 1233 Ariopagitae
1159 1176 1185 1216 ro

127 1237 256 1322 cognita
289 1257 384 1302 causa
416 1241 633 1302 accusatorem
665 1236 808 1302 mulieris
841 1241 873 1301 et
904 1235 1021 1321 ipsam,
1059 1258 1144 1320 quae

101 1326 348 1408 saccusabatur,
385 1326 558 1391 centesimo
595 1347 678 1390 anno
715 1326 824 1390 adesse
859 1325 1028 1391 iusserunt.
1086 1323 1144 1392 Sic

125 1436 229 1499 neque
262 1416 446 1480 absolutum
479 1414 622 1479 mulieris
653 1415 843 1480 veneficium
876 1418 936 1498 est,
969 1414 1055 1498 quod
1083 1437 1144 1498 per

125 1504 213 1588 leges
244 1525 311 1568 non
342 1502 446 1587 licuit,
478 1525 581 1587 neque
613 1524 731 1568 nocens
760 1505 909 1568 damnata
936 1504 1143 1588 poenitaque,

100 1606 208 1675 aquae
244 1593 342 1678 digna
377 1593 471 1657 venia
506 1593 577 1657 fuit.
632 1590 758 1676 Scripta
794 1591 873 1657 haec
907 1592 1073 1657 historiast
1106 1594 1144 1659 in
1158 1620 1182 1662 rs

125 1680 227 1744 libro
246 1679 395 1746 Valerii
412 1681 568 1745 Maximi
591 1681 781 1746 factorum
802 1686 839 1746 et
858 1682 1046 1745 dictorum
1065 1705 1142 1747 me-

125 1770 372 1834 morabilium
395 1792 494 1835 nono
519 1769 661 1854 (VIIII
677 1771 756 1835 amb.
771 1771 818 1854 2).

591 1945 671 2014 VIII

153 2069 318 2124 Reditiones
336 2071 367 2124 in
385 2071 508 2141 gratiam
525 2070 663 2125 nobilium
680 2069 803 2124 virorum
821 2072 977 2124 memoratu
995 2070 1109 2140 dignae.

99 2211 113 2261 1
189 2195 224 2261 P.
243 2195 414 2263 Africanus
438 2199 584 2283 superior
604 2202 637 2263 et
654 2197 800 2263 Tiberius
821 2195 992 2280 Gracchus,
1015 2196 1139 2263 Tiberii
1154 2226 1180 2266 so

123 2289 156 2350 et
179 2284 212 2350 Ο.
235 2284 450 2352 Gracchorum
473 2292 578 2372 pater,
599 2309 706 2352 rerum
730 2291 891 2373 gestarum
915 2286 1140 2372 magnitudine

124 2378 156 2438 et
178 2374 337 2440 honorum
360 2381 457 2460 atque
476 2378 561 2441 vitae
580 2376 737 2462 dignitate
755 2377 905 2440 inlustres
924 2376 994 2459 viri,
1018 2375 1139 2441 dissen-

124 2467 233 2528 serunt
261 2486 488 2549 saepenumero
516 2466 555 2530 de
582 2465 745 2548 repubIIca
773 2470 805 2528 et
833 2486 870 2529 ea
897 2465 963 2529 sive
987 2486 1049 2548 qua
1073 2466 1138 2530 alia

97 2568 156 2616 ere
179 2574 245 2617 non
268 2555 363 2619 amici
385 2555 524 2620 fuerunt,
563 2552 612 2617 Ea
636 2555 781 2618 simultas
801 2574 874 2618 cum
893 2554 948 2618 diu
966 2553 1138 2619 mansisset

123 2646 156 2706 et
187 2643 336 2708 sollemni
368 2644 418 2707 die
451 2643 582 2727 epulum
611 2640 682 2707 Iovi
713 2643 868 2707 libaretur
899 2647 995 2725 atque
1028 2642 1069 2706 ob
1103 2644 1138 2707 id
1152 2669 1177 2710 66

123 2732 314 2796 sacrificium
343 2736 471 2797 senatus
499 2732 534 2794 in
558 2729 718 2815 Capitolio
746 2733 942 2816 epularetur,
968 2733 1035 2796 fors
1063 2731 1137 2815 fuit,

122 2823 159 2884 ut
186 2825 266 2905 aput
292 2821 425 2885 eandem
453 2842 596 2885 mensam
623 2821 686 2885 duo
714 2821 763 2884 illi
786 2821 921 2885 iunctim
943 2822 1136 2885 locarentur.

95 2907 204 2973 3Tum
229 2910 320 2993 quasi
343 2908 404 2973 diis
427 2909 651 2974 inmortalibus
675 2910 804 2974 arbitris
827 2910 862 2973 in
882 2909 1028 2974 convivio
1047 2907 1136 2976 Iovis

122 2999 237 3082 optimi
264 2999 396 3062 maximi
424 2999 568 3064 dexteras
594 3020 705 3064 eorum
728 2998 978 3063 conducentibus
1001 3003 1136 3083 repente

193 3196 226 3244 20
237 3207 296 3260 sqq.
316 3191 373 3245 Liv.
384 3191 525 3246 XXXVIII
533 3197 567 3246 5⁷
581 3190 643 3246 val.
654 3190 727 3246 Max.
737 3190 776 3246 IV
786 3196 836 3259 13
851 3191 924 3246 Plut.
935 3191 976 3246 Ti.
987 3189 1104 3246 Gracch.
1115 3199 1134 3248 4

120 3260 217 3399 {hp}
225 3265 262 3386 {2
272 3261 309 3317 M.
324 3261 391 3332 (cie.
402 3263 437 3317 de
446 3263 501 3318 inv.
511 3263 524 3316 Ι
533 3268 576 3331 49,
586 3269 619 3316 91
636 3262 697 3317 Sen.
708 3263 794 3317 contr.
805 3261 831 3317 V
841 3267 865 3331 2,
876 3265 902 3333 3)
991 3267 1025 3315 27
1039 3263 1133 3318 Amin.

191 3500 226 3547 17
242 3512 317 3550 nono
336 3512 386 3550 om.
402 3499 422 3547 B
440 3494 511 3550 VIII.
527 3495 635 3563 Kempf
647 3496 656 3564 l
675 3500 708 3548 23
728 3509 761 3549 ee
780 3493 805 3548 61
824 3494 936 3566 Vassis!
953 3510 1038 3563 quam
1053 3499 1136 3549 1⁰1

63 3561 146 3646 ,(611
160 3566 263 3630 raam
270 3571 307 3618 24
326 3567 522 3622 diuinametz
