2438 3878
536 182 587 236 XV
606 189 636 251 ⁵3
655 188 671 237 6
1046 182 1109 249 133

97 346 229 432 fligaia’.
263 345 467 430 Quapropter
479 346 692 411 urbanissime
705 346 909 429 respondisse
922 351 1141 433 praeioremsz

95 457 163 500 non
194 436 361 501 indooium
389 437 507 519 virum,
540 435 730 500 barbasoulo
759 436 885 500 cuidam
913 457 952 500 ex
980 436 1113 502 advoca-

95 530 204 591 torum
240 525 335 589 iurba
373 522 570 609 Sulpioius
603 523 846 609 Apollinaris
882 525 917 589 iu
953 527 1112 608 quadam
1207 555 1211 565 ·

96 615 266 699 epistula
298 614 454 698 scriptum
484 614 625 697 reliquii.
673 612 768 678 Nam
801 635 883 678 oum
911 614 979 678 ille
1006 616 1140 699 inquii4

70 703 233 770 arabula
260 704 471 768 audaculus
499 705 554 768 iia
581 704 820 787 posiulassei
842 702 1035 786 verbaque
1057 705 1113 769 iia

95 794 269 858 fecisset:
306 790 466 876 ‘Omnia
502 794 561 858 vir
598 792 826 875 clarissime,
862 793 1032 878 negotia,
1069 795 1112 858 de

97 881 238 965 quibus
265 886 303 946 te
331 882 576 967 cogniturum
604 903 686 945 esse
709 880 823 945 hodie
847 881 997 965 dixisti,
1025 882 1113 946 dili-

97 971 229 1057 gentia
252 974 289 1035 ei
311 971 522 1035 velocitate
544 975 610 1035 tua
632 970 846 1055 profligata
869 974 971 1054 suni3
998 994 1113 1036 unum

95 1061 134 1124 id
172 1059 294 1124 solum
328 1060 508 1124 relietum
544 1063 614 1142 est,
651 1058 694 1123 de
726 1079 800 1141 quo
832 1080 925 1145 rogo
958 1061 1113 1144 audias',

56 1153 175 1215 mium
209 1152 367 1233 praetor
399 1149 494 1213 salis
526 1148 703 1212 ridicule:
742 1146 810 1211 ‘An
842 1147 911 1212 illa
942 1150 1113 1235 negotia,

97 1239 141 1302 de
169 1237 308 1321 quibus
332 1237 405 1302 iam
429 1238 658 1322 cognovisse
681 1259 737 1301 me
761 1237 871 1320 diois,
899 1238 1113 1324 profligata

97 1326 188 1410 sini,
203 1327 377 1410 equidem
395 1327 540 1411 nesoi03
553 1326 625 1390 hoo
643 1330 768 1391 autem
787 1327 999 1412 negotium,
1014 1329 1114 1411 quod

97 1417 196 1480 inte
219 1415 372 1499 incidit,
395 1416 532 1500 procul
555 1415 685 1500 dubio,
709 1415 790 1480 sive
808 1416 846 1479 id
864 1416 1014 1480 audiam
1034 1417 1113 1481 sive

96 1526 173 1569 non
195 1504 359 1588 audiam,
382 1505 637 1590 profligatum
662 1503 740 1568 esi'.
788 1517 790 1530 '

57 1620 82 1660 15
165 1592 259 1670 Quod
291 1594 471 1679 significare
503 1598 609 1658 autem
637 1593 765 1677 volunt,
798 1594 854 1677 qui
882 1593 1139 1680 ‘profligaium'o

98 1682 222 1766 dieunt,
249 1682 298 1766 hi,
326 1684 382 1766 qui
403 1682 518 1747 Latine
543 1683 645 1747 loouti
669 1687 757 1766 suni,
784 1705 850 1747 non
874 1683 1114 1769 ‘profligaium'‚

97 1773 154 1836 sed
173 1771 358 1836 ‘adfectum’
378 1771 536 1855 dixerunt,
555 1773 651 1836 siouii
664 1771 707 1836 M.
723 1770 857 1836 Cicero
872 1773 907 1836 in
926 1774 1115 1855 oratione,

99 1883 196 1944 quam
230 1859 345 1925 habuit
377 1862 420 1925 de
452 1861 667 1945 provinoiis
700 1861 978 1925 consularibus.
1033 1860 1140 1925 Eiuso

98 1948 196 2013 verba
223 1950 303 2014 haee
330 1953 406 2014 sunt
433 1949 547 2033 (VIII
565 1950 634 2032 19):
663 1949 813 2013 Bellum
841 1950 1033 2014 adfectum
1060 1951 1114 2014 vi-

55 2039 228 2104 eodemus
247 2042 297 2122 ei,
315 2060 402 2103 vere
420 2043 462 2102 ui
481 2038 617 2122 diuam,
636 2060 754 2121 paene
769 2037 995 2102 confectum.
1030 2036 1140 2102 Item?

96 2127 183 2192 infra
206 2126 301 2210 (XII
314 2127 387 2204 29):
415 2126 509 2191 Nam
535 2128 617 2211 ipse
642 2125 780 2191 Caesar
803 2127 893 2209 quid
916 2131 987 2210 esi,
1015 2128 1114 2210 quod

97 2215 138 2280 in
170 2238 211 2280 aa
243 2217 444 2300 provincia
478 2216 705 2280 eommorari
736 2216 846 2299 velii,
877 2216 953 2280 uisi
985 2220 1027 2280 ui
1059 2239 1113 2300 ea,

97 2327 194 2388 quae
222 2327 289 2389 per
316 2327 396 2369 eum
425 2305 577 2370 adfeota
603 2308 703 2388 suut,
731 2304 904 2388 perfecta
926 2305 1114 2389 reipubli-

97 2415 163 2459 oae
190 2395 339 2459 iradai?
384 2391 474 2459 Idem
503 2391 637 2459 Cicero
664 2395 699 2457 in
728 2394 974 2458 oeconomico
998 2394 1053 2477 (fr.
1071 2399 1140 2460 218

55 2508 82 2549 25
92 2505 126 2566 p.
142 2487 208 2547 978
226 2480 320 2566 Or.²):
345 2481 435 2547 Cum
458 2505 548 2547 vero
570 2483 721 2547 adfecta
740 2483 813 2547 iam
831 2505 950 2568 prope
969 2487 1115 2548 aesiate

96 2594 191 2637 uvas
215 2595 234 2636 a
257 2574 338 2637 sole
361 2573 562 2637 mitesoere
585 2577 735 2656 tempus
758 2576 823 2637 esi.

582 2730 630 2796 VI

95 2836 129 2890 ln
154 2835 226 2890 libro
249 2835 287 2888 M.
307 2835 448 2891 Ciceronis
472 2837 507 2890 de
530 2835 621 2906 gloria
644 2836 765 2889 seeundo
788 2836 969 2891 manifestum
992 2840 1115 2892 erratum

134 2907 165 2960 iu
185 2923 218 2961 ea
236 2909 331 2977 parte,
350 2908 380 2961 in
399 2924 455 2978 qua
474 2908 672 2976 scriptumest
691 2923 775 2976 super
792 2907 913 2963 Hectore
932 2911 961 2963 et
978 2909 1073 2962 Aiace.

54 3042 82 3082 so
165 3015 204 3080 In
221 3017 324 3082 libro
343 3017 385 3082 Μ.
405 3018 541 3101 Tullii,
564 3018 620 3100 qui
639 3021 687 3081 esi
706 3019 894 3082 secundus
914 3019 957 3082 de
976 3017 1138 3103 gloria,1

96 3105 289 3170 manifestus
317 3129 405 3172 error
433 3110 481 3171 est
508 3127 575 3170 nou
601 3128 736 3191 magnae
763 3107 824 3190 rei,
851 3127 947 3189 quem
975 3128 1114 3171 errorem

171 3287 186 3335 2
201 3281 369 3336 bamasculo
384 3303 405 3336 ω
424 3281 574 3336 barbatulo
590 3297 606 3340 ς
620 3280 831 3335 barbariusoulo
843 3282 922 3352 qu.
938 3284 947 3351 ΙΙ
962 3285 977 3334 ὅ
992 3281 1114 3335 audaeu-

96 3353 157 3406 lum
176 3353 298 3422 (-bulum
312 3355 340 3422 Ζ)
359 3353 415 3407 sita
434 3354 457 3407 d
475 3355 484 3422 ΙΙ
503 3357 518 3405 6
540 3351 689 3421 omniaque
704 3353 727 3406 d
745 3354 754 3422 Η
773 3357 805 3405 12
825 3368 867 3420 eq.
887 3353 947 3406 inte
965 3352 1059 3407 neseio
1073 3352 1127 3486 zQ

97 3430 132 3478 15
157 3425 218 3496 qui]
243 3424 319 3493 quod
341 3429 359 3476 z
381 3427 391 3495 l
414 3430 446 3477 21
472 3425 515 3477 esi
538 3440 588 3477 our
607 3424 661 3479 Cic.
684 3425 694 3492 ΙΙ
717 3429 751 3476 22
775 3439 809 3477 ea
827 3440 879 3478 om.
900 3425 958 3480 du.
977 3440 1049 3476 mea
1064 3426 1133 3486 m

96 3501 132 3550 25
157 3497 252 3551 aetate
271 3496 346 3550 Noa.
364 3497 374 3565 ΙΙ
393 3500 427 3549 26
445 3511 514 3549 uvas
534 3496 562 3568 a]
582 3512 598 3550 σ
620 3511 692 3551 uasa
712 3515 734 3550 u
754 3511 808 3552 om.
826 3496 994 3564 Noull‘au
1010 3489 1147 3545 seeundo

96 3583 148 3623 om
164 3569 188 3621 δ
198 3569 285 3636 ierat
301 3568 394 3638 uidi!
405 3571 439 3621 29
457 3567 488 3623 iu
507 3570 558 3627 alt.
572 3587 628 3627 om.
643 3574 667 3632 Q.
682 3572 690 3643 l
706 3569 813 3644 supet}
831 3567 870 3624 de
885 3569 925 3622 ΙΙ
