2438 3878
161 183 223 248 108
613 183 677 238 XIV
696 189 710 238 1

159 349 247 411 tione
281 347 379 411 animi
411 346 626 430 conprehendi
658 351 778 430 potest,
815 367 955 428 quonam
988 351 1092 430 pacto
1125 352 1177 411 aut

160 435 307 503 consulto
334 437 466 519 adsequi
494 440 612 518 queant
639 440 695 500 aut
721 436 784 519 ipsi
809 436 988 519 perspicere
1014 440 1049 500 et
1073 459 1176 521 repre

158 525 310 608 hendere,
342 547 415 590 cum
446 525 480 588 in
511 529 578 589 tam
610 525 777 608 praecipiti
809 524 931 588 dierum
962 524 1176 608 noctiumque

160 615 316 699 vertigine
356 614 489 677 minima
529 617 691 677 momenta
731 615 877 697 ingentes
917 611 1026 677 facere
1070 615 1177 679 dicent

116 720 149 768 2⁷
160 704 386 769 mutationes‘l'
419 700 472 765 Ad
490 707 687 786 postremum
706 706 812 766 autem
832 706 863 765 et
882 702 960 784 quid
973 707 1073 786 esset,
1094 703 1201 786 quodi

160 793 327 858 adversum
354 791 417 856 hoc
444 791 507 854 dici
535 795 657 875 posset,
688 789 882 873 requirebat,
911 790 998 872 quod
1028 791 1176 857 homines

160 882 326 963 utriusque
355 902 462 963 sexus,
493 881 637 943 omnium
664 884 818 962 aetatum,
846 880 978 944 diversis
1008 880 1176 945 stellarum
1211 898 1213 943 i

160 969 303 1034 motibus
326 970 361 1033 in
382 970 482 1033 vitam
506 969 597 1051 editi,
621 969 819 1054 regionibus,
847 968 905 1031 sub
930 968 1052 1050 quibus
1078 971 1176 1055 geniti
1211 950 1213 991 Ι

162 1060 249 1141 sunt,
275 1061 372 1144 longe
400 1058 605 1140 distantibus,
633 1079 743 1121 omnes
770 1061 878 1121 tamen
900 1058 955 1121 isti
977 1062 1038 1122 aut
1061 1060 1176 1124 hianti·
1211 1042 1213 1147 l

161 1148 221 1212 bus
248 1149 341 1212 terris
368 1151 424 1211 aut
451 1146 632 1212 labentibus
660 1147 753 1211 tectis
780 1151 836 1210 aut
859 1145 1056 1230 oppidorum
1082 1154 1213 1249 expuo,

161 1237 367 1323 gnationibus
399 1240 455 1301 aut
487 1235 596 1300 eadem
628 1236 663 1299 in
693 1236 767 1299 navi
797 1235 897 1300 fluctu
924 1235 1037 1300 obruti
1066 1239 1175 1302 eodem
1211 1254 1213 1279 ¹

162 1348 277 1412 genere
305 1325 417 1389 mortis
445 1326 619 1408 eodemque
646 1324 713 1389 ictu
736 1324 889 1407 temporis
912 1324 1059 1389 universi
1085 1327 1177 1391 simul

117 1415 336 1479 28interirent.
383 1412 488 1488 ‘Quod
515 1413 647 1478 scilicet‘
675 1414 780 1495 inquit
809 1413 995 1494 ‘nmquam
1027 1416 1176 1497 eveniret,

163 1504 190 1568 si
221 1506 382 1567 momenta
414 1503 565 1567 nascendi
597 1502 731 1586 singulis
763 1500 924 1565 adtributa
956 1524 1034 1566 suas
1065 1527 1175 1568 unum·

118 1609 152 1657 29
164 1591 303 1675 quidque
326 1592 413 1675 leges
436 1591 598 1655 haberent.
643 1590 735 1667 Quod
758 1591 786 1654 si
809 1589 975 1672 quaedem'
999 1591 1115 1675 inquit
1138 1594 1199 1658 ‘ins

162 1680 329 1744 hominum
357 1683 460 1744 morte
487 1684 583 1762 atquo
609 1680 676 1744 vita
698 1680 796 1744 etiam
819 1680 950 1743 diversis
973 1683 1175 1764 temporibus

164 1770 322 1833 editorum
340 1790 397 1852 per
416 1769 577 1832 stellarum
595 1790 687 1852 pares
702 1768 857 1850 quosdam
871 1771 983 1851 postea
998 1775 1174 1836 conventus

162 1860 251 1942 paria
282 1859 437 1922 nonnulla
470 1862 502 1930 et
532 1858 710 1922 consimilia
738 1879 831 1941 posse
859 1857 969 1921 dicunt
998 1860 1174 1946 optingere,

164 1969 221 2012 cur
250 1967 316 2011 non
348 1945 519 2029 aliquando
551 1947 676 2030 possint
707 1947 813 2010 omnia
841 1966 969 2029 quoque
997 1949 1094 2030 paria
1123 1971 1174 2013 usu

163 2037 284 2119 venire,
311 2040 348 2099 ut
371 2036 509 2099 existant
532 2058 589 2119 per
611 2035 831 2099 huiuscemodi
855 2035 1022 2099 stellarum
1048 2058 1198 2103 concur-r

163 2127 268 2190 siones
296 2129 328 2189 et
356 2124 579 2190 similitudines
608 2121 758 2188 Socratae
785 2124 881 2187 simul
908 2127 940 2188 et
963 2122 1174 2191 Antisthenae

164 2219 196 2279 et
214 2214 364 2279 Platones
384 2214 478 2278 multi
497 2234 621 2298 genere,
643 2213 755 2295 forma,
778 2213 917 2296 ingenio,
938 2215 1174 2299 moribus,'vite

164 2305 252 2368 omni
275 2308 307 2367 et
330 2307 433 2368 morte
456 2303 547 2387 pari?
571 2303 657 2384 quod
675 2302 887 2384 nequaquam'
907 2301 1016 2383 inquit
1037 2305 1174 2388 ‘prorsus

120 2393 233 2458 eofieri
260 2396 375 2476 potest.
420 2390 497 2456 Non
523 2393 623 2476 igitur
649 2391 709 2456 hac
737 2411 831 2454 causa
845 2390 958 2473 ¹probe
981 2393 1034 2456 uti
1058 2397 1174 2476 queunt

164 2482 331 2546 adversum
368 2479 536 2544 hominum
571 2481 709 2564 impares
742 2484 844 2561 ortus,
879 2479 1032 2545 interitus
1066 2482 1197 2566 pares’s

120 2569 249 2636 31sslud
280 2574 388 2634 autem
420 2569 599 2633 condonare
626 2591 665 2633 se
687 2569 737 2632 his
766 2567 903 2650 dicebat,
937 2570 1027 2650 quod
1054 2593 1123 2637 non
1148 2570 1174 2634 id

165 2679 293 2742 quoque
316 2658 499 2740 requireret,
523 2658 550 2721 si
572 2659 657 2722 vitae
676 2658 852 2739 mortisque
869 2656 1042 2722 hominurn
1061 2683 1173 2725 rerum·

165 2770 227 2831 que
253 2748 465 2810 humanarum
491 2747 635 2810 omnium
657 2750 785 2829 tempus
809 2750 840 2809 et
862 2747 944 2812 ratio
969 2750 1004 2810 et
1028 2751 1174 2815 cansain

165 2838 253 2901 caelo
277 2840 309 2900 et
331 2835 417 2917 apud
440 2835 548 2899 stellas
570 2836 663 2917 foret,
686 2835 764 2918 quid
787 2835 825 2898 de
848 2835 967 2899 muscis
989 2842 1049 2902 aut
1068 2839 1173 2903 vermi·

31 2996 34 3005 ,
166 2927 246 2990 culis
269 2928 324 2987 aut
348 2921 478 3006 echinis,
503 2924 613 2988 multis
636 2924 707 2987 aliis
730 2924 953 2987 minutissimis
977 2929 1066 2992 terra
1090 2927 1196 2992 mari-s

166 3035 228 3096 que
268 3012 483 3076 animantibus
523 3013 684 3077 dicerent?
725 3035 767 3076 an
801 3013 864 3077 ista
901 3033 1033 3096 quoque
1071 3018 1172 3096 isdem,

163 3147 377 3159 .-.--—-—-

238 3221 725 3290 raAmm.xvnle‚1axxla‚r

237 3425 252 3472 2
268 3419 475 3502 deprehendere
483 3418 521 3472 1¹
535 3421 544 3487 l
558 3423 573 3472 8
589 3437 614 3487 q.
625 3417 686 3472 nati
696 3421 731 3473 Π
742 3420 750 3486 l
766 3423 798 3471 12
810 3435 856 3500 un.
868 3415 950 3470 simul
961 3435 1046 3545 coep
1060 3424 1070 3491 Η
1085 3428 1118 3476 18
1127 3435 1172 3489 quo

69 3502 188 3640 '80
202 3490 413 3624 mutpmsiprnrlhaQ
423 3491 710 3634 ἷΒΙΙΙΞΙὶΕέἓοὲαξὲἓδὶῧ
718 3489 937 3616 elidanifflthenes
957 3491 988 3542 et
1006 3508 1027 3559 p
1040 3495 1127 3548 atone
1138 3490 1173 3561 “l

162 3491 231 3558 (que
