2438 3878
144 199 186 265 58
573 198 721 266 mac

145 362 371 446 Asellionis,
393 364 509 427 veteris
528 363 702 447 scriptoris,
725 368 901 446 quartum
925 384 968 427 ex
988 361 1161 425 historia

144 452 299 534 librum,
322 453 357 516 in
375 473 439 536 quo
458 452 496 516 de
509 450 544 516 P.
559 450 720 535 Africano,
737 451 829 517 Pauli
843 452 922 534 filio,
940 453 986 516 ita
1000 451 1160 534 scriptum

146 545 195 605 est
214 541 267 624 (fr.
282 542 303 605 5
314 539 382 622 P.):
399 539 494 605 Nam
513 563 550 605 se
569 544 714 625 patrem
733 563 840 605 suum
859 541 1011 605 audisse
1030 540 1162 603 dicere

145 630 181 695 L.
195 628 400 694 Aemilium
419 629 577 694 Paulum
598 631 711 694 nimis
730 630 869 695 bonum
888 632 1162 714 imperatorem

147 720 269 804 signis
298 718 464 783 conlatis
491 740 567 783 non
593 720 802 800 decertare,
829 720 905 783 nisi
930 740 1074 783 summa
1097 740 1162 782 ne·
1188 745 1199 784 r

148 807 341 873 cessitudo
365 812 430 872 aut
453 830 594 872 summa
618 809 768 873 occasio
793 809 879 873 data
902 812 1009 873 esset.

630 1002 678 1067 IV

457 1125 605 1194 Descripta
622 1124 775 1180 Alexandri
793 1142 845 1180 *a*

123 1270 137 1318 1
214 1250 254 1316 In
280 1253 441 1337 plerisque
468 1252 684 1318 monumentis
707 1275 814 1317 rerum
837 1252 877 1317 ab
901 1251 1085 1317 Alexandro
1110 1275 1163 1338 ge·

150 1345 271 1406 starum
303 1344 335 1406 et
367 1342 463 1425 paulo
495 1346 570 1406 ante
601 1344 635 1406 in
665 1342 767 1406 libro
799 1341 841 1405 M.
870 1341 1069 1424 Varronis,
1107 1341 1198 1424 quio

23 1483 28 1490 .
149 1431 323 1514 inscriptus
355 1433 404 1493 est
431 1427 584 1494 Orestes
615 1432 676 1495 vel
709 1431 751 1495 de
780 1431 930 1495 insania
959 1429 1164 1513 (pascit),

151 1517 374 1603 Olympiadem
402 1518 547 1603 Philippi
573 1541 705 1584 uxorem
732 1520 935 1584 festivissime
962 1519 1165 1603 rescripsisse

125 1608 289 1694 alegimus
312 1605 494 1672 Alexandro
520 1609 596 1672 filio.
642 1607 727 1673 Nam
751 1609 873 1673 cumis
897 1609 937 1673 ad
959 1611 1095 1672 matrem
1120 1609 1165 1672 ita

153 1696 345 1780 scripsisset:
359 1695 438 1760 Rex
451 1696 680 1780 Alexander,
690 1696 1024 1762 IovisHammonis
1038 1697 1165 1779 filius,

153 1783 373 1869 Olympiadi
401 1787 514 1850 matri
542 1786 703 1851 salutem
731 1787 839 1869 dicit,
868 1784 1034 1870 Olympias
1064 1787 1093 1849 ei
1119 1808 1197 1851 reu

153 1875 282 1958 scripsit
304 1874 345 1938 ad
367 1873 450 1938 hanc
473 1876 677 1940 sententiam:
704 1874 861 1958 Amabo,
887 1877 992 1958 inquit
1014 1876 1066 1939 mi
1088 1875 1166 1956 fili,

154 1964 329 2048 quiescas
369 1984 490 2047 neque
529 1964 677 2029 deferas
714 1984 769 2028 me
804 1986 925 2048 neque
962 1964 1167 2028 criminere

154 2052 353 2117 adversum
380 2050 576 2136 Iunonem3
608 2054 748 2118 malum
780 2053 873 2117 mihi
906 2074 1064 2137 prorsus
1098 2054 1167 2118 illa

154 2163 331 2226 magnum
359 2142 478 2225 dabit,
506 2162 588 2206 cum
614 2146 655 2206 tu
683 2164 739 2206 me
765 2142 913 2206 litteris
940 2142 1018 2205 tuis
1046 2143 1168 2226 paeli-

130 2248 235 2296 ccem
263 2251 345 2295 esse
369 2231 432 2295 illi
455 2231 666 2295 confiteris.
711 2229 760 2294 Ea
783 2231 925 2296 mulieris
949 2231 1048 2296 scitae
1070 2236 1200 2314 atquae

155 2319 321 2403 prudentis
340 2341 416 2404 erga
433 2319 573 2384 ferocem
586 2321 690 2384 filium
705 2321 839 2385 comitas
854 2321 972 2384 sensim
986 2323 1019 2383 et
1033 2321 1169 2385 comiter

155 2408 359 2471 admonuisse
386 2430 459 2472 sum
484 2409 553 2472 visa
576 2413 623 2473 est
647 2409 867 2492 deponendam
890 2431 958 2473 esse
982 2409 1169 2492 opinionem

156 2518 284 2578 vanam,
317 2517 413 2579 quam
444 2497 499 2561 ille
526 2497 710 2584 ingentibus
738 2498 881 2562 victoriis
908 2502 940 2561 et
968 2497 1169 2562 adulantium

157 2585 383 2649 blandimentis
407 2588 439 2649 et
460 2586 555 2651 rebus
579 2609 676 2671 supra
697 2587 794 2651 fidem
817 2586 978 2671 prosperis
999 2586 1169 2669 inbiberat,

158 2674 302 2758 genitum
325 2694 393 2738 esse
416 2695 485 2739 sese
508 2675 546 2739 de
569 2674 652 2740 love.
715 2684 716 2688 ’
1180 2698 1200 2739 a

231 2907 246 2954 3
266 2899 313 2955 cfr.
328 2900 390 2955 Val.
405 2901 478 2956 Max.
493 2903 545 2956 VH
558 2909 582 2970 2,
598 2909 613 2956 2
633 2904 752 2972 Appian.
768 2903 862 2957 Hiber.
879 2908 912 2957 87
931 2903 1029 2973 Veget.
1044 2904 1085 2958 ΙΠ
1099 2911 1134 2961 26

232 3122 247 3168 2
271 3133 327 3185 qua
347 3118 370 3171 d
391 3119 439 3186 114
462 3116 492 3168 L.
512 3115 543 3168 A.
563 3114 592 3170 P.
613 3117 730 3188 plossam
744 3123 815 3186 puto
833 3118 915 3171 dium
930 3124 1043 3186 propter
1062 3117 1168 3190 boemi

160 3204 217 3240 non
230 3189 326 3242 ommno
336 3189 389 3270 (od,
399 3205 422 3241 o.
431 3190 495 3270 aeq)
509 3187 649 3241 neminem
661 3189 709 3243 Gr.
723 3203 876 3255 numquam
886 3189 960 3242 Lioa
974 3189 1091 3243 minime
1104 3190 1170 3263 epol

162 3259 500 3328 dnonsaprasignisss
516 3257 614 3318 Q’om.
630 3259 984 3329 atsummaerdlfflod
994 3260 1069 3328 adp
1082 3261 1171 3328 57,3Ε

163 3335 195 3381 13
214 3329 312 3389 hisa¹
334 3329 378 3382 his
397 3332 426 3383 et
443 3334 468 3381 x
490 3330 558 3383 isset
577 3332 619 3399 011
634 3335 666 3384 14
684 3330 873 3398 rescripsisset
892 3352 913 3384 ω
928 3333 937 3400 ΙΙ
952 3335 984 3384 16
1004 3331 1042 3384 ad
1061 3349 1113 3388 om.
1131 3333 1184 3401 Qfl

163 3405 196 3454 18
216 3417 342 3470 prorsum
356 3404 399 3470 zy
