2438 3878
153 180 216 245 132
590 179 641 234 XV
659 186 689 247 4³
708 186 723 234 ὅ

151 344 290 409 sulatum
319 365 446 427 quoque
473 344 624 427 adeptum
652 365 734 427 esse,
766 364 900 425 eamque
926 365 999 408 rem
1029 347 1104 408 tam
1131 345 1174 409 in·

150 435 324 498 toleranter
350 434 463 496 tulisse
489 434 646 516 populum
672 431 868 514 Romanum,
896 431 955 513 qui
978 430 1174 498 Ventidium

150 522 286 587 Bassum
309 522 498 586 meminerat
521 521 668 586 curandis
692 519 787 585 mulis
810 520 986 605 victitasse,
1009 525 1053 586 ut
1077 524 1173 610 vulgo

152 634 210 697 per
235 612 303 675 vias
327 610 416 675 urbis
439 611 589 675 versiculi
611 610 885 694 proscriberentur
908 613 952 692 (p.
972 614 1051 690 331,
1073 611 1173 696 7B.):

196 735 416 800 concurrite
441 756 568 799 omnes
592 739 768 820 augures,
791 733 1038 818 harispices!
1193 758 1202 799 s

196 823 417 908 portentum
445 825 674 888 inusitatum
703 823 914 888 conflatsim
940 827 1002 888 est
1025 845 1174 890 recens:

195 936 280 978 nam
304 913 425 977 mdlas
449 913 514 995 qui
536 912 717 996 fricabat,
740 911 1032 978 consul-factus
1058 918 1127 980 est

125 1058 143 1104 4
218 1036 367 1102 Eundem
405 1037 542 1102 Bassum
580 1035 786 1101 Suetonius
823 1035 1087 1119 Tranquillus
1123 1039 1174 1123 (r.

150 1132 215 1194 210
237 1127 293 1210 R.)
329 1128 549 1210 praepositum
586 1147 654 1191 esse
690 1148 708 1190 a
739 1124 782 1189 Μ.
814 1122 960 1189 Antonio
994 1128 1173 1211 provinciis

152 1216 361 1282 orientalibus
384 1214 585 1298 Parthosque
612 1216 647 1279 in
670 1213 796 1298 Syriam
821 1215 1101 1300 introrumpentis
1123 1217 1200 1282 tri-o

151 1307 211 1370 bus
240 1306 281 1370 ab
308 1327 346 1368 eo
374 1306 492 1388 proelis
520 1305 609 1369 fusos
637 1303 749 1368 scribit
774 1324 911 1386 eumque
934 1305 1089 1387 primum
1113 1327 1172 1372 om·

151 1397 242 1458 nium
270 1394 309 1457 de
331 1392 459 1457 Parthis
487 1393 702 1477 triumphasse
730 1396 762 1457 et
790 1397 892 1456 morte
921 1393 1016 1458 obita
1043 1396 1172 1481 publico

151 1484 263 1547 funere
287 1484 449 1566 sepultum
472 1504 549 1547 esse.

643 1623 675 1688 V

205 1745 329 1800 Verbum
350 1744 489 1816 ‘prodigo'
510 1762 527 1800 a
544 1745 687 1815 plerisque
706 1744 763 1800 dici
781 1744 924 1814 inproprie
943 1745 1122 1818 insciteque,
1180 1757 1195 1799 a

127 1891 142 1939 1
221 1870 312 1938 Sicut
343 1874 406 1937 alia
437 1874 534 1938 verba
566 1874 719 1957 pleraque
750 1871 953 1957 ignoratione
983 1877 1018 1938 et
1048 1875 1170 1943 inscitia

152 1963 298 2047 improbe
327 1963 514 2046 dicentium,
546 1984 628 2046 quae
654 1983 720 2026 non
747 1963 950 2047 intellegant,
982 1964 1116 2031 deflexa
1140 1983 1171 2029 ac

153 2053 325 2136 depravata
357 2055 432 2116 sunt
463 2074 483 2116 a
512 2052 637 2116 ratione
668 2055 754 2115 recta
786 2054 818 2115 et
846 2052 1103 2139 consuetudine,
1133 2055 1171 2118 ita

152 2141 249 2205 huius
282 2162 410 2224 quoque
441 2141 544 2224 verbi,
577 2140 663 2224 quod
693 2144 741 2204 est
769 2139 941 2224 ‘profligo',
975 2141 1170 2228 significatio

127 2250 243 2298 aversa
267 2234 299 2294 et
322 2234 472 2313 corrupta
495 2233 551 2294 est.
596 2228 682 2293 Nam
706 2249 779 2292 cum
801 2228 842 2293 ab
865 2227 1058 2314 adfligendo
1084 2236 1117 2298 et
1137 2231 1194 2296 adr

153 2319 327 2403 perniciem
355 2319 585 2401 interitumque
610 2317 794 2383 deducendo
817 2317 1012 2382 inclinatum
1039 2321 1076 2386 id
1098 2326 1170 2386 trac

153 2412 287 2490 tumque
315 2407 357 2471 sit
379 2429 568 2491 semperque
591 2428 629 2471 eo
652 2407 764 2491 verbo,
793 2407 849 2489 qui
872 2406 1054 2491 diligenter
1077 2409 1170 2477 locuti

153 2500 242 2578 sunt,
269 2496 315 2559 ita
342 2497 392 2559 usi
420 2497 498 2580 sint,
525 2500 562 2560 ut
589 2496 783 2582 ‘profligare'
808 2495 951 2560 dicerent
976 2496 1169 2586 ‘prodigere'

154 2589 186 2650 et
214 2584 407 2667 ‘deperdere'
437 2585 710 2670 ‘profligatasque'
732 2606 783 2649 res
807 2583 898 2667 quasi
922 2584 1121 2667 ‘prodictus'
1144 2591 1170 2652 et

155 2673 317 2757 ‘perditas’
346 2675 557 2758 appellarent,
585 2694 671 2739 nunc
697 2673 793 2739 audio
821 2673 968 2738 aedificia
994 2679 1030 2741 et
1055 2679 1193 2762 templus

154 2765 186 2827 et
218 2763 281 2826 alia
312 2762 378 2827 fere
410 2764 525 2847 multa,
558 2785 639 2846 quae
670 2784 771 2847 prope
803 2763 951 2826 absoluta
980 2766 1169 2851 adfectaque

154 2855 242 2934 sunt,
270 2851 317 2914 ‘in
343 2852 526 2937 profligato'
556 2873 624 2917 esse
652 2852 715 2917 dici
741 2853 875 2935 ipsaque
902 2873 974 2917 esse
998 2855 1069 2921 iam
1094 2857 1169 2942 ‘pro

226 3051 312 3113 8sqq.
336 3043 354 3096 1.
372 3044 390 3098 l.
408 3043 465 3098 Liv.
483 3044 550 3113 epit.
567 3049 617 3097 127
629 3062 669 3113 sq.
689 3044 761 3098 Flor.
776 3043 858 3111 1119,
873 3049 888 3096 5
907 3043 1010 3101 lustin.
1026 3047 1108 3104 XLH
1120 3050 1167 3116 ῌ

154 3114 565 3255 gigtg.51111p3{eq'qplpqrfilq816,
581 3121 632 3240 139
643 3133 703 3185 sqq.
717 3115 788 3169 Non.
798 3114 824 3168 H
832 3133 859 3184 p.
871 3117 1130 3183 160‚24G1.Reiff.
1140 3122 1166 3174 ti

226 3353 242 3402 o
265 3320 441 3402 invisitatum
459 3347 679 3416 aroasianus„
699 3351 713 3400 r
732 3345 835 3418 muas]
855 3350 877 3405 c
899 3347 994 3404 muros
1014 3371 1039 3405 a
1058 3354 1069 3423 p
1088 3358 1120 3408 20
1136 3350 1164 3405 u

155 3437 205 3475 om,
220 3425 238 3472 z
255 3421 290 3474 ab
304 3419 427 3489 fligendo
442 3417 529 3472 idest
543 3418 586 3473 Sir.
600 3421 658 3488 1123
672 3417 820 3488 prodigere
836 3417 882 3472 Ort
894 3420 904 3488 Η
919 3424 954 3473 24
991 3423 1096 3480 ardere
1109 3422 1149 3480 11¹

134 3487 956 3636 retractatoresissara
969 3492 1165 3630 ,aa

724 3604 730 3630 ,
956 3601 963 3613 .
