2438 3878
520 188 572 243 ΧΠ
592 193 640 254 ι3;
660 195 693 243 re
1072 189 1114 254 47

576 350 641 417 XII

98 457 204 582 Fapetta
231 458 374 581 resppnsio
398 457 435 512 M.
455 456 595 512 Ciceronis
624 455 782 512 amolientis
807 472 823 510 a
847 472 876 510 se
900 455 1004 510 crimen
1026 456 1116 510 mani-

149 546 178 584 33
193 546 203 582 ι
221 545 286 584 men
307 546 370 584 333.

167 637 256 703 Haec
293 660 421 723 quoque
458 638 627 723 disciplina
662 638 823 702 rhetorica
857 641 906 702 est
938 636 1052 700 callide
1084 641 1140 703 etl

71 747 173 797 scum
197 732 342 792 astures
366 728 553 792 criminosas
577 729 657 792 citra
679 727 858 812 periculum
883 726 1042 808 confiteri,
1069 729 1115 809 ut,

99 817 128 881 si
151 816 314 881 obiectum
337 817 380 881 sit
401 821 496 900 turpe
518 816 654 899 aliquid,
678 817 764 900 quod
786 816 897 901 negari
920 836 987 878 333
1010 819 1115 897 queat,

97 906 306 989 responsione
336 906 470 970 ioculari
498 906 607 970 eludas
636 909 668 970 et
694 927 762 968 rem
790 904 889 968 facias
916 905 984 968 risu
1011 904 1115 989 magis

99 994 230 1080 dignam
254 1016 350 1078 quam
375 995 515 1077 crimino,
539 995 623 1059 sicut
644 994 758 1058 fecisse
776 991 997 1058 Ciceronem
1017 992 1115 1076 scrip-

98 1087 169 1147 tum
197 1087 259 1166 est,
287 1105 360 1147 oum
388 1084 435 1166 id,
463 1083 549 1166 quod
576 1083 710 1147 infitiari
734 1104 801 1146 333
822 1086 963 1167 poterat,
990 1082 1114 1146 urbano
1200 1164 1204 1169 ἡ

59 1201 86 1240 10
97 1173 268 1256 facetoque
305 1172 390 1236 dicto
428 1173 529 1237 diluit.
583 1170 668 1236 Nam
705 1192 779 1236 cum
816 1193 920 1235 emere
952 1171 1050 1234 vellet
1080 1172 1141 1237 333
1215 1204 1217 1208 ·

98 1259 224 1326 Palatio
254 1262 385 1326 domum
408 1265 441 1325 et
462 1261 633 1345 pecuniam
655 1262 690 1325 33
712 1282 862 1344 praeseus
885 1281 952 1324 333
974 1257 1115 1342 haberet,

98 1373 118 1414 a
135 1349 170 1414 P
191 1347 290 1433 Sulla,
312 1351 456 1434 quitum
475 1373 548 1415 reus
567 1355 643 1434 erat,
661 1354 774 1414 mutua
793 1349 975 1414 sestertium
994 1348 1115 1412 viciens

98 1439 197 1504 tacita
220 1440 352 1524 accepit.
395 1439 444 1504 Ele
467 1462 517 1504 res
540 1443 657 1523 tamen,
680 1440 868 1524 priusquam
891 1441 1020 1521 emeret,
1042 1456 1141 1521 pro-3

100 1528 239 1592 ditet
190 1531 279 1592 3333
279 1529 352 1592 tin
373 1529 490 1615 uilgus
513 1529 612 1593 exivit
612 1529 870 1611 ‚obiectumque
894 1529 924 1592 ei
947 1531 1004 1609 est,
1028 1527 1115 1610 quod

58 1645 84 1685 1⁵
98 1617 269 1701 pecuniam
288 1617 402 1682 domus
421 1617 572 1682 emendae
592 1637 687 1683 causa
705 1640 723 1681 a
741 1639 797 1682 reo
811 1617 994 1701 accepisset.
1032 1615 1142 1683 Tumt

100 1703 234 1771 Cicero
257 1706 424 1790 inopinata
447 1707 631 1791 obprobrat
623 1728 697 1771 1one
717 1712 883 1791 permotus
901 1706 1062 1790 accepisse
1081 1727 1115 1769 se

98 1795 231 1880 negavit
249 1815 286 1859 33
305 1795 435 1859 domum
456 1817 584 1880 quoque
603 1818 636 1860 se
655 1800 839 1880 empturum
858 1796 989 1882 negavit
1005 1799 1115 1877 atque:

101 1884 203 1948 ‘adeo’
237 1884 344 1966 inquit
376 1885 498 1950 ‘verum
531 1885 572 1949 sit
604 1886 763 1969 accepisse
793 1907 845 1949 me
872 1885 1055 1969 pecuniam,
1087 1883 1115 1946 si

99 1973 232 2037 domum
256 1974 383 2037 emero'.
426 1971 489 2037 Sed
512 1994 585 2048 oum
608 1978 720 2058 postea
744 1975 873 2038 emisset
896 1978 928 2037 et
947 1972 1010 2037 hoc
1028 1994 1115 2035 men-

58 2089 85 2129 33
101 2061 228 2144 dacium
255 2062 291 2125 33
318 2066 430 2126 senatu
458 2063 488 2127 33
515 2062 555 2127 ab
584 2063 694 2127 amicis
724 2063 916 2144 obiceretur,
942 2062 1014 2125 risit
1037 2060 1114 2124 satis

99 2155 196 2234 atque
223 2151 308 2215 inter
334 2151 515 2216 ridendum:
545 2151 798 2235 ‘dxocvovdccoc'
827 2152 933 2233 inquit
957 2150 1114 2214 ‘homines

99 2240 191 2322 estis,
223 2260 295 2304 cum
323 2239 479 2325 ignoratis
507 2242 673 2325 prudentis
701 2245 734 2305 33
762 2242 847 2304 cauti
874 2239 1114 2324 patrisfamilias

99 2350 178 2412 esse,
201 2329 288 2411 quod
301 2351 415 2414 'emere
437 2331 524 2413 velit,
548 2334 731 2414 empturum
755 2351 823 2394 sese
846 2350 962 2413 negare
982 2333 1115 2412 propter

99 2418 327 2502 competitores
350 2420 543 2502 emptionis'.

60 2604 131 2644 ost
569 2577 648 2643 XIII

101 2681 190 2736 ‘Intra
216 2681 370 2736 Kalendas'
400 2699 463 2736 cum
491 2683 607 2749 dicitur,
639 2682 708 2753 quid
735 2683 887 2753 significet,
913 2685 1008 2738 utrum
1037 2684 1114 2738 ‘ante

134 2752 289 2807 Kalendas'
311 2769 346 2806 an
368 2753 524 2809 Kalendis’
545 2771 581 2808 an
600 2756 762 2822 utrumque;
786 2759 871 2822 atque
889 2754 970 2823 inibi,
989 2755 1058 2823 quid
1077 2755 1114 2809 sit

133 2825 165 2878 in
197 2824 324 2879 oratioue
351 2824 388 2879 M
412 2824 488 2879 Tulli
521 2826 608 2879 intra
640 2827 785 2880 oceanum'
819 2829 848 2881 33
878 2826 964 2880 iutra
990 2828 1114 2880 montem

135 2894 269 2950 Taurum’
289 2896 344 2949 et
336 2914 367 2949 m
385 2897 508 2965 quadam
527 2896 649 2966 epistula
670 2897 756 2951 iutra
772 2897 907 2951 modum.

59 3031 84 3072 33
168 3003 250 3070 Cum
264 3004 386 3071 Romae
404 3028 423 3069 a
442 3007 627 3071 oonsulibus
645 3006 741 3071 iudex
758 3011 848 3072 extra
862 3007 1005 3071 ordinem
1020 2983 1138 3073 datust

97 3093 309 3178 pronuntiare
333 3095 428 3159 ‘intra
446 3093 618 3160 Kalendas'
640 3095 745 3160 iussus
764 3117 875 3179 essem,
899 3093 1113 3180 Sulpicium

171 3268 433 3338 enmmwxvcs

20 3457 23 3462 ·
100 3467 102 3470 ι
170 3427 320 3497 4Hocq
345 3429 511 3498 discipliuae
531 3429 687 3484 rhetoricae
706 3430 789 3485 Necti.
809 3433 818 3500 31
836 3435 853 3483 6
871 3432 997 3498 nequeat
1013 3435 1036 3481 z
1034 3431 1131 3510 Q

99 3506 133 3555 12
156 3502 255 3554 mutuo
276 3500 344 3570 11¹1!
359 3506 391 3554 13
414 3502 502 3556 tacite
521 3504 561 3574 ςΙΙ
575 3506 607 3555 16
627 3502 684 3573 obp
683 3501 838 3558 rotatione
853 3499 1042 3570 tentati
1036 3497 1143 3549 uum

98 3573 139 3627 333
152 3590 173 3642 γ
184 3574 196 3641 Ji
211 3577 242 3626 21
262 3571 507 3630 ΑΚΟΙΝΟΝΗΤΟΙ
523 3576 560 3631 Π
571 3577 641 3650 1124
652 3577 884 3649 competitiones
895 3579 922 3628 ἰι
940 3569 1125 3626 tutiores}
1170 3607 1173 3610 i
