2438 3878
136 194 200 260 100
542 194 606 247 XI11
624 199 656 247 ar
677 196 731 263 (ao)

108 357 349 444 e‘ropoxoov
375 357 548 441 inscriptus
574 361 629 421 est.
675 356 811 441 Propius
835 357 934 441 igitur
956 358 1082 420 accessi
1107 361 1152 421 et:

135 448 256 531 ‘nostij
298 447 430 529 inquam
467 446 643 530 magister,
681 446 815 510 verbum
851 445 931 509 illud
969 446 1098 510 scilicet
1135 469 1152 510 e

135 535 265 602 Graecia
288 540 380 600 vetus
403 535 571 618 musicam,
594 556 675 617 quae
698 535 740 598 sit
762 535 958 616 abscondita,
982 556 1057 598 eam
1082 557 1152 599 esse

134 626 216 690 nulli
243 625 310 689 rei?
343 646 399 688 oro
428 645 504 708 ergo
531 628 577 706 te,
603 625 692 708 legas
718 623 779 688 hos
801 645 911 687 versus
933 625 1096 707 pauculos
1120 628 1153 688 et

134 714 294 799 proverbii
321 712 442 796 istius,
456 713 542 795 quod
566 713 601 776 in
622 712 673 776 his
696 713 840 776 versibus
863 716 925 795 est,
953 714 1151 778 sententiam
1175 738 1184 778 s

107 805 221 868 adicas
244 801 344 866 mihi'
391 801 498 886 ‘Lege'
522 802 630 884 inquit
652 802 700 866 ‘tu
722 801 802 865 mihi
825 802 946 885 potius,
975 823 1062 884 quae
1085 825 1152 867 non

109 891 304 976 sintellegis,
327 895 363 955 ut
387 913 423 955 ea
445 891 506 955 tibi
529 912 589 976 ego
613 892 775 954 enarrem'
819 889 988 966 ‘Quonam’
1014 892 1151 974 inquam

136 983 242 1065 ‘pacto
273 979 379 1065 legere
411 1002 471 1065 ego
504 1001 648 1063 possum,
681 1001 761 1062 quae
793 1001 859 1043 non
888 979 1072 1062 adsequor?
1105 983 1150 1045 in-

135 1071 285 1134 distincta
303 1073 492 1152 namqueet
511 1068 643 1132 confusa
660 1069 748 1151 fient,
769 1090 850 1151 quae
868 1068 986 1152 legero,
1006 1073 1041 1134 et
1060 1074 1150 1135 tuam

135 1180 263 1242 quoque
286 1159 462 1242 impedient
486 1157 718 1222 intentionem?
1162 1182 1181 1222 u

109 1264 125 1312 6
201 1247 292 1311 Tunc
310 1247 381 1310 aliis
400 1248 505 1328 etiam,
526 1247 582 1329 qui
600 1246 647 1310 ibi
665 1247 804 1328 aderant,
823 1247 1045 1330 compluribus
1065 1248 1150 1311 idem

137 1334 420 1419 comprobantibus
444 1335 759 1417 desiderantibusque
782 1336 899 1419 accipit
921 1357 939 1398 a
958 1358 1010 1400 me
1030 1337 1150 1401 librum

110 1424 211 1489 tfidei
243 1429 382 1488 veterem
415 1428 575 1508 spectabas
606 1423 767 1489 luculente
800 1424 962 1507 scriptum.
1020 1423 1150 1510 Accipit

110 1518 244 1578 sautem
280 1512 572 1578 inconstantissimo
609 1514 702 1577 vultu
738 1517 770 1577 et
805 1513 1029 1577 moestissimo,
1090 1514 1151 1579 Sed

137 1602 214 1685 quid
238 1601 350 1665 deinde
373 1601 498 1666 dicam?
520 1623 586 1665 non
608 1603 709 1666 audeo
732 1601 838 1667 hercle
862 1601 1038 1685 postulare,
1062 1609 1101 1669 ut
1121 1603 1150 1669 id
1161 1625 1178 1666 s

111 1689 284 1756 acredatur
310 1690 398 1754 mihi.
448 1689 543 1754 Pueri
570 1690 605 1753 in
630 1691 707 1754 ludo
734 1690 842 1774 rudes,
873 1691 900 1753 si
928 1713 1001 1755 eum
1031 1693 1150 1758 librum

139 1779 344 1863 accepissent,
361 1800 427 1842 non
445 1779 480 1843 hi
498 1780 599 1863 magis
619 1780 653 1842 in
667 1780 803 1865 legendo
819 1780 985 1844 deridiculi
998 1781 1150 1866 fuissent,

138 1869 183 1932 ita
215 1872 247 1932 et
279 1869 452 1932 sententias
479 1868 688 1932 intercidebat
717 1873 748 1933 et
775 1869 872 1933 verba
899 1875 1053 1953 corrupte
1081 1894 1150 1957 pro·

95 1957 316 2022 10nuntiabat.
361 1956 478 2021 Reddit
505 1958 605 2042 igitur
632 1958 712 2022 mihi
738 1958 856 2022 librum
884 1959 995 2022 multis
1023 1961 1091 2024 iam
1113 1962 1150 2024 ri·

139 2046 287 2110 dentibus
315 2050 359 2110 et:
390 2045 501 2110 ‘vides'
530 2047 635 2128 inquit
662 2046 784 2111 ‘oculos
811 2068 900 2110 meos
927 2068 1044 2132 aegros
1073 2051 1176 2114 adsi-n

140 2135 272 2218 duisque
294 2134 570 2199 lucubrationibus
594 2157 693 2219 prope
716 2136 780 2199 iam
802 2134 958 2220 perditos,
984 2138 1042 2201 vix
1066 2140 1149 2224 ipsos

139 2224 317 2288 litterarum
341 2225 446 2307 apices
469 2225 562 2307 potui
585 2225 854 2307 conprehendere,
878 2245 950 2288 oum
974 2228 1094 2293 valebo
1113 2228 1149 2292 ab

140 2313 250 2395 oculis,
268 2313 369 2377 revise
387 2313 428 2376 ad
446 2334 497 2376 me
515 2317 547 2376 et
565 2313 684 2377 librum
702 2314 800 2377 istum
818 2313 879 2377 tibi
897 2317 1005 2377 totum
1024 2317 1148 2402 legam?

87 2418 164 2466 11.12
176 2400 297 2466 ‘Recte'
317 2402 448 2484 inquam
468 2402 521 2465 ‘sir
541 2402 650 2484 oculis,
670 2403 831 2487 magister,
849 2403 926 2484 tuis,
950 2405 1017 2487 sed,
1036 2407 1072 2470 in
1091 2427 1148 2489 quo

139 2491 204 2554 illis
226 2490 309 2554 nihil
332 2512 412 2573 opus
436 2494 493 2572 est,
515 2489 557 2573 id,
579 2511 658 2574 rogo
681 2495 723 2573 te,
746 2492 832 2556 dicas
855 2490 947 2555 mihi:
973 2497 1173 2559 caninumr

140 2580 339 2663 prandium
362 2580 396 2642 in
418 2579 584 2661 hocloco,
607 2600 702 2661 quem
720 2581 836 2664 legisti,
859 2580 937 2663 quid
956 2582 1147 2668 significatl'

98 2685 130 2733 13
140 2667 248 2751 Atque
279 2669 334 2732 ille
366 2667 512 2752 egregius
544 2668 662 2731 nebulo
693 2670 784 2751 quasi
812 2669 935 2732 difficili
964 2675 1148 2753 quaestione

141 2757 330 2842 proterritus
353 2756 479 2839 exurgit
502 2757 610 2820 statim
634 2761 666 2821 et
688 2757 811 2822 abiens:
836 2757 923 2822 ‘non’
942 2759 1055 2842 inquit
1073 2762 1148 2846 ‘par

141 2869 214 2911 vam
236 2868 304 2909 rem
328 2845 466 2927 quaeris,
488 2845 566 2909 talia
588 2866 648 2930 ego
672 2847 772 2931 gratis
794 2868 860 2910 non
883 2847 1004 2911 doceo?

98 2952 132 2999 14
207 2934 286 2999 Eius
310 2938 417 2997 autem
439 2934 516 3017 loci,
541 2935 661 3017 inquo
685 2934 719 2998 id
741 2935 944 3018 proverbium
970 2943 1035 3021 est,
1059 2939 1171 3004 verbus

142 3024 220 3087 haeo
234 3026 309 3086 sunt
324 3021 378 3104 (fr.
392 3025 454 3086 575
467 3022 535 3106 B.):
554 3022 639 3088 Non
656 3024 762 3087 vides
780 3024 879 3108 apud
895 3023 1147 3093 Mnesitheum

143 3267 155 3318 I
170 3273 203 3321 59
214 3201 236 3335 ἶ)
246 3194 319 3320 ἓξὲξ
331 3194 394 3250 Ner.
406 3202 449 3265 20,
464 3197 511 3250 cfr.
523 3197 597 3264 Otto,
608 3197 739 3266 Sprichw.
750 3217 776 3267 p.
788 3204 839 3252 236
929 3203 962 3253 31
975 3218 1038 3271 sqq.
1055 3203 1145 3258 Athon.

216 3433 230 3480 1
254 3429 539 3483 rasoreronso
560 3430 569 3498 p
593 3434 608 3481 2
631 3429 720 3483 nostri
739 3430 796 3488 o¹z
813 3430 816 3501 r
833 3429 949 3499 egregia
973 3433 1046 3500 (aas
1063 3406 1098 3503 r)
1113 3429 1146 3504 yn

51 3544 58 3556 „
87 3550 95 3560 Δ,
133 3502 170 3549 11
199 3501 231 3552 et
254 3499 306 3567 qui
331 3501 440 3571 21112
468 3500 688 3570 approbantibus
716 3506 735 3552 z
762 3501 1009 3570 comprecantibus
1044 3503 1146 3569 Vassis!

13 3568 49 3599 ω*
68 3576 87 3647 ,²
120 3570 160 3616 20
170 3584 305 3637 egressos
313 3577 338 3626 Ζ
346 3574 360 3643 ll
373 3577 410 3627 23
421 3572 459 3628 ad
469 3573 522 3630 del.
532 3571 572 3627 1¹
584 3575 597 3645 l
609 3578 644 3628 31
653 3571 685 3626 'm
691 3572 1064 3631 uestbeumamnestlseum
1072 3577 1145 3644 (areo
