2438 3878
539 187 686 254 XV18;9
1058 186 1121 251 173

106 349 188 416 nihil
212 351 356 415 omnium
380 373 491 415 verum
514 357 570 416 aut
594 352 701 416 omnia
724 352 866 434 plurave,
892 373 988 434 quam
1011 373 1122 433 unum,

106 463 181 505 vera
213 444 307 504 erunt
336 445 392 505 aut
419 461 501 523 quae
529 441 688 505 disiuncta
716 445 804 523 sunt,
836 461 903 504 non
930 440 1122 526 pugnabunt

106 532 162 594 aut
194 551 276 612 quae
308 530 457 613 opposita
489 551 600 594 eorum
633 533 721 612 sunt,
754 529 913 593 contraria
942 529 1026 593 inter
1054 551 1121 593 sese
1174 545 1178 554 ’

106 640 172 683 non
199 622 305 701 amnt,
332 622 402 683 tum
430 620 464 683 id
491 619 686 684 disiunctum
714 618 916 683 mendacium
942 621 992 682 cst
1013 621 1046 682 et
1068 640 1122 701 ap·

79 709 246 791 apellatur
280 707 614 794 παραδιεζευγμένον,
651 708 746 772 sicuti
782 707 845 772 hoc
881 711 943 790 est,
980 707 1015 770 in
1049 728 1122 790 qno,

107 818 188 879 quae
221 797 383 881 opposita,
417 820 484 862 non
515 802 590 862 sunt
622 797 794 862 contraria:
833 797 901 861 ‘aut
933 795 1034 860 curris
1066 800 1122 860 aut

106 886 251 950 ambulas
274 888 331 950 aut
354 887 440 951 stas'.
481 885 567 951 Nam
589 887 660 969 ipsa
683 887 812 969 quidem
835 886 920 950 inter
938 907 972 949 se
990 885 1122 950 adversa

107 977 191 1057 sunt,
210 975 265 1039 sed
284 975 433 1060 opposita
452 997 562 1040 eorum
581 996 647 1039 non
665 978 824 1060 pugnent3
849 975 927 1039 ‘non
945 974 1120 1038 ambulare'

107 1064 192 1128 enim
225 1068 257 1128 et
290 1064 368 1128 ‘non
395 1065 490 1129 stare'
520 1069 552 1129 et
580 1064 658 1129 ‘non
686 1065 822 1128 currere’
852 1064 1011 1128 contraria
1039 1064 1123 1128 inter

68 1181 93 1220 ιο
108 1175 176 1217 sese
199 1174 266 1217 non
289 1157 378 1235 sunt,
406 1153 558 1236 quoniam
582 1153 765 1218 ‘contraria'
790 1175 826 1216 ea
850 1153 1013 1235 dicuntur,
1041 1174 1122 1236 qnae

108 1242 206 1307 simul
228 1263 303 1306 vera
324 1264 393 1306 esse
411 1263 478 1306 non
496 1246 630 1327 queunt3
654 1243 759 1326 possis
778 1243 864 1306 enim
883 1242 980 1306 simul
998 1241 1122 1305 eodem-

107 1352 170 1414 que
188 1334 333 1414 tempore
352 1353 456 1414 neque
475 1332 639 1396 ambulare
653 1353 757 1414 neque
772 1335 856 1396 stare
870 1351 974 1414 neque
988 1352 1122 1395 currere.

175 1417 238 1483 Sed
265 1418 328 1484 hoc
355 1421 419 1484 iam
447 1421 543 1485 breve
572 1443 611 1484 ex
639 1420 806 1485 dialectica
832 1420 1045 1484 libamentum
1071 1420 1123 1484 de
1134 1435 1167 1484 15

107 1508 192 1572 disse
219 1529 307 1573 nunc
333 1509 411 1573 satis
439 1511 512 1592 erit,
544 1513 641 1592 atque
668 1510 702 1573 id
729 1510 834 1574 solum
863 1509 1043 1573 addendum
1070 1508 1123 1572 ed·
1134 1525 1168 1574 16

67 1624 92 1665 1⁶
107 1598 368 1680 monendumque
404 1604 466 1681 est,
503 1598 589 1681 quod
625 1597 722 1662 huius
759 1598 946 1683 disciplinae
981 1598 1123 1662 studium

107 1689 204 1769 atque
237 1687 380 1772 cognitio
412 1687 447 1751 in
476 1687 643 1771 principiis
671 1688 801 1770 quidem
828 1691 931 1751 taetra
959 1691 991 1751 et
1018 1709 1124 1771 asper-

106 1775 224 1841 nabilis
256 1776 462 1859 insuavisque
494 1799 563 1842 esso
591 1781 622 1840 et
649 1777 774 1842 inutilis
802 1776 903 1840 videri
932 1777 1028 1858 solet,
1060 1776 1124 1858 sed,

107 1864 164 1928 nbi
196 1865 397 1948 aliquantum
430 1867 638 1950 processeris,
669 1869 739 1931 tum
772 1865 909 1948 denique
941 1869 973 1929 et
1004 1866 1124 1928 emolu-

107 1958 253 2018 mentum
277 1955 345 2019 eius
369 1955 404 2018 in
426 1956 533 2019 animo
552 1959 609 2019 tuo
629 1955 792 2038 dilucebit,
816 1958 847 2018 et
866 1954 1011 2037 sequitur
1030 1975 1124 2036 quae-

68 2070 94 2110 so
108 2043 182 2106 dam
202 2043 344 2107 discendi
362 2045 511 2127 voluptas
531 2044 732 2125 insatiabilis,
751 2044 803 2108 cui
822 2065 897 2108 sane
914 2042 977 2106 nisi
991 2042 1123 2106 modum
1135 2058 1167 2106 17

107 2131 235 2214 feceris,
261 2133 440 2215 periculum
466 2155 533 2197 non
555 2132 714 2197 mediocre
737 2132 811 2215 erit,
838 2154 892 2215 ne,
920 2134 957 2196 ut
979 2131 1125 2214 plerique

108 2221 178 2303 alii,
201 2225 238 2284 tu
261 2242 389 2304 quoque
412 2223 447 2286 in
469 2223 534 2286 illis
559 2221 742 2285 dialecticae
766 2221 855 2306 gyris
878 2226 975 2303 atque
997 2242 1124 2284 maean-

109 2310 174 2375 dris
197 2314 362 2393 tamquam
385 2311 472 2394 apud
495 2309 637 2375 Sirenios
660 2312 810 2393 scopulos
835 2330 1050 2374 consenescas.

593 2504 639 2570 IX

68 2644 94 2684 aa
110 2625 184 2692 Quid
209 2626 348 2697 significet
370 2627 485 2683 verbum
508 2629 538 2682 in
561 2628 641 2682 libris
664 2631 790 2683 veterum
813 2626 979 2682 creberrime
1000 2627 1125 2696 positum

147 2698 260 2766 ‘susque
279 2699 390 2766 dcque'.

178 2822 314 2909 ‘Susque
338 2827 440 2909 deque
462 2827 543 2891 fero'
567 2827 644 2910 <aut
667 2828 796 2910 ‘susque
820 2827 922 2910 deque
943 2827 1048 2905 sum'>
1068 2830 1124 2889 aut
1154 2841 1167 2888 1

111 2913 241 2996 ‘susque
278 2915 380 2997 deque
411 2916 528 2981 habeo’
561 2953 604 2962 -
636 2915 687 2979 his
719 2917 805 2980 enim
838 2916 987 2980 omnibus
1020 2914 1124 2979 modis

103 3104 105 3108 ’
183 3113 215 3160 aa
235 3107 324 3162 Amm.
340 3107 415 3161 xxx
432 3114 455 3176 1,
471 3114 503 3162 12
619 3106 1124 3176 aaAmm,xxlxa‚14‚efr.ott0,

112 3178 244 3247 Sprichw.
259 3197 287 3248 p.
303 3184 355 3232 324
427 3185 460 3232 2⁷
471 3196 531 3247 sqq.
546 3179 619 3233 Fest.
634 3197 661 3249 p.
673 3185 733 3246 290,
747 3184 780 3232 29
800 3178 875 3247 Otto,
890 3178 1024 3248 Spriohw.
1034 3196 1061 3247 p.
1073 3183 1123 3232 33⁷

184 3363 199 3410 2
219 3358 353 3412 adiuncta
372 3361 421 3409 ⁰X
437 3357 665 3427 {impugnabunt
685 3358 720 3411 11
734 3358 743 3424 ΙΙ
762 3361 779 3409 4
797 3358 865 3410 tuno
884 3374 903 3426 γ
919 3358 923 3426 Ι
939 3355 1066 3410 iunctum
1083 3362 1101 3409 0

112 3433 128 3482 8
143 3429 302 3499 igpugnant
316 3434 337 3488 Q
354 3431 515 3498 repugnant
529 3431 566 3498 σῃ
582 3434 614 3482 10
629 3429 768 3482 contrarie
782 3428 836 3482 dic.
851 3430 874 3482 d
888 3431 949 3498 ltu
960 3443 1066 3494 posces
1075 3430 1116 3475 xx

113 3505 146 3553 15
166 3515 226 3553 esse
244 3501 276 3553 2¹
288 3503 298 3571 ΙΙ
313 3506 346 3554 19
369 3502 501 3569 sequetur
519 3502 562 3572 γη
575 3505 610 3555 20
629 3499 689 3555 nisi
706 3517 761 3556 om.
779 3501 908 3568 exque
926 3494 1085 3562 emendices
1097 3485 1174 3544 ml

109 3575 145 3622 26
163 3587 248 3638 usquo
262 3573 412 3643 6011127
430 3575 530 3646 suppl,
540 3575 632 3633 Hertz
655 3574 706 3649 (a.
727 3591 752 3628 a.
771 3572 805 3627 d,
823 3569 896 3642 cst)
910 3567 965 3623 Sb-
