2438 3878
457 199 521 252 xm
539 205 586 265 213
606 205 639 252 aa
658 201 716 268 (20³
737 203 780 264 ιι)
1084 199 1127 264 83
1149 238 1152 244 ,

179 358 264 424 Hlud
304 384 379 426 vero
417 363 604 446 cumprimis
641 363 727 446 apud
764 362 967 426 Homerum
1003 368 1126 428 veteres
1136 386 1171 434 25

112 450 314 535 grammatici
337 450 583 534 adnotaverunt,
611 453 710 534 quod,
734 474 806 517 cum
830 452 963 516 dixisset
987 454 1125 535 quodam

111 541 146 603 in
173 540 245 604 loco
268 539 328 623 (Il.
350 540 441 604 XVI
456 542 533 624 583)
556 543 740 617 κολοιούς
768 564 807 605 τε
831 542 957 625 ψῆράς
980 565 1032 624 τε,
1061 543 1125 605 alio

110 630 146 692 in
163 630 235 693 loco
252 628 311 711 (II.
327 628 440 693 XVII
450 631 527 714 755)
545 651 611 693 non
629 640 746 714 νηρῶν
764 653 809 712 τε,
828 634 877 694 set
895 641 1013 716 ψαρῶν
1031 631 1125 695 dixit:

84 778 96 818 s
156 765 231 817 τῶν
264 751 297 817 d'
332 753 380 829 ὥς
412 777 452 817 τε
483 764 618 839 ψαρῶν
649 753 769 838 νέφος
801 758 955 840 ἔρχεται
987 754 1029 838 ἠὲ
1061 780 1125 821 κο-

698 849 828 928 λοιῶν,

110 970 237 1032 secutus
260 988 327 1030 non
345 989 557 1050 communem,
580 968 636 1032 sed
654 969 818 1052 propriam
836 969 870 1032 in
889 990 1017 1051 quoque
1036 969 1124 1034 vocis

110 1056 175 1120 situ
206 1056 452 1140 iucunditatem,
486 1079 561 1120 nam
594 1058 621 1121 si
653 1058 789 1122 alterum
822 1057 856 1120 in
887 1059 1018 1122 alterius
1050 1060 1123 1123 loco

108 1167 223 1229 ponas,
246 1148 418 1229 utrumqne
441 1146 554 1211 feceris
578 1146 685 1210 sonitu
708 1146 849 1210 insuave.

66 1354 93 1393 10
504 1322 599 1388 ιιιιιι
621 1321 727 1410 (xm)

106 1445 201 1499 Verba
227 1444 286 1498 Titi
313 1445 442 1499 Castricii
468 1445 589 1500 rhetoris
617 1446 654 1498 ad
681 1445 835 1515 discipulos
863 1446 1059 1501 adulescentes
1087 1447 1122 1502 de

141 1517 350 1586 restituatque
370 1517 492 1571 calciatu
511 1534 566 1570 non
586 1518 693 1570 decoro.

174 1643 208 1708 T.
232 1642 457 1728 Castricius,
489 1645 665 1709 rhetoricae
694 1643 881 1728 disciplinae
909 1647 1034 1729 doctor,
1064 1647 1121 1728 qui
1149 1667 1164 1716 1

104 1734 220 1798 habuit
237 1733 359 1798 Romae
380 1735 487 1798 locum
506 1734 683 1818 principem
703 1734 902 1798 declamandi
921 1758 958 1799 ac
977 1735 1120 1821 docendi,

62 1851 89 1891 ιι
105 1845 231 1886 summa
253 1824 302 1887 vir
325 1824 515 1888 auctoritate
536 1824 756 1908 gravitateque
775 1829 807 1887 et
825 1846 844 1886 a
863 1824 936 1887 divo
955 1823 1119 1889 Hadriano

104 1913 140 1974 in
162 1933 267 1976 mores
290 1916 387 1995 atque
409 1913 533 1976 litteras
557 1916 727 1995 spectatus,
754 1934 826 1975 cum
850 1935 901 1976 me
924 1913 1008 1976 forte
1031 1936 1120 1996 prae-

106 2004 195 2065 sente
223 2038 264 2046 -
292 2022 369 2064 usus
402 2002 486 2064 enim
519 2023 590 2064 sum
623 2023 660 2065 eo
690 2002 845 2085 magistro
874 2038 918 2046 —
945 2002 1119 2084 discipulos

105 2089 260 2172 quosdam
289 2111 364 2154 suos
392 2095 553 2154 senatores
580 2090 711 2153 vidisset
735 2090 785 2153 die
808 2090 922 2154 feriato
945 2091 1063 2154 tunicis
1087 2095 1119 2154 et

102 2179 239 2244 lacernis
267 2179 396 2242 indutos
421 2183 453 2245 et
476 2179 600 2263 gallicis
624 2180 788 2243 calciatos:
818 2179 987 2262 ‘equidem'
1012 2180 1119 2261 inquit

59 2297 87 2336 ro
104 2268 299 2332 ‘maluissem
323 2289 381 2331 vos
404 2272 532 2352 togatos
556 2288 637 2350 esse3
660 2268 730 2350 <si>
753 2269 891 2352 pigitum
915 2272 971 2351 est,
996 2269 1117 2333 cinctos

102 2359 217 2422 saltem
248 2379 316 2420 csse
344 2360 376 2420 et
403 2358 600 2439 paenulatos.
651 2354 713 2420 Sed
742 2358 768 2420 si
795 2357 849 2421 hic
875 2361 982 2421 vester
1008 2356 1117 2422 huius-

101 2446 228 2511 cemodi
263 2447 398 2509 vestitus
431 2445 469 2508 de
502 2445 605 2509 multo
637 2446 701 2509 iam
734 2468 794 2509 usu
826 2447 1026 2531 ignoscibilis
1060 2451 1118 2530 est,

100 2536 240 2599 soleatos
259 2538 366 2598 tamen
385 2554 451 2617 vos,
474 2536 588 2618 populi
605 2533 744 2599 Romani
763 2539 933 2619 senatores,
952 2558 1009 2619 per
1027 2536 1116 2600 urbis

99 2625 168 2688 vias
192 2624 317 2708 ingredi
340 2645 542 2706 nequaquam
566 2624 715 2688 decorum
735 2629 791 2707 est,
815 2646 880 2687 non
899 2625 1005 2688 hercle
1023 2626 1116 2690 vobis

55 2740 84 2780 ss
99 2714 220 2795 minus,
249 2733 345 2794 quam
372 2713 422 2776 illi
448 2717 518 2777 tum
546 2713 621 2796 fuit,
649 2715 701 2777 cui
727 2713 790 2778 hoc
813 2713 854 2777 M.
878 2712 1030 2778 Tullius
1056 2735 1115 2797 pro
1143 2785 1146 2792 ¹

98 2802 189 2885 turpi
213 2802 345 2865 crimine
369 2802 561 2866 obiectavit'

166 2889 256 2955 Haec
290 2912 342 2954 me
373 2891 521 2954 audiente
553 2888 765 2955 Castricius
797 2896 829 2955 et
862 2891 1017 2974 quaedam
1050 2893 1157 2958 aliar

97 2979 139 3043 ad
178 3000 248 3042 eam
284 3001 352 3043 rem
389 2979 598 3044 conducentia
630 2979 774 3044 Romane
811 2984 843 3044 et
880 3003 985 3044 severe
1023 2980 1112 3045 dixit.

97 3068 250 3151 Plerique
273 3072 379 3132 autem
404 3090 444 3132 ex
463 3068 525 3152 his,
548 3070 603 3152 qui
622 3070 796 3152 audierant,
818 3069 1033 3152 requirebant,
1057 3092 1113 3135 cur
1141 3088 1157 3136 3

51 3180 84 3225 so
98 3159 240 3223 soleatos
268 3158 414 3241 dixisset,
447 3159 503 3242 qui
530 3159 676 3243 gallicas,
707 3179 773 3221 non
801 3158 918 3239 soleas,
950 3157 1112 3222 haberent.

171 3373 185 3421 7
207 3383 374 3434 quocunque
391 3372 444 3419 Kx
461 3371 471 3437 ΙΙ
489 3373 505 3422 8
523 3368 554 3421 in
572 3367 660 3421 altero
678 3372 699 3427 α
716 3370 777 3437 illd
797 3368 960 3436 expectatus
980 3368 1113 3438 dlfcrte

96 3456 147 3495 om.
164 3441 208 3508 yn
224 3444 257 3492 18
276 3439 428 3492 sectatores
445 3438 484 3491 Χῖ
501 3440 510 3507 ll
529 3445 562 3492 19
582 3439 688 3493 callicis
707 3444 725 3490 z
749 3439 852 3510 caligis
869 3441 966 3508 attat
984 3438 1133 3515 maluisse

95 3510 239 3637 ppslpopissi
245 3509 313 3631 prid.
324 3510 458 3564 Deiotaro
472 3513 478 3580 l
495 3511 609 3566 cunctos
620 3510 678 3572 Q²z
693 3511 789 3568 cultos
799 3501 1161 3584 cqarnmusmomct

964 3667 1002 3722 5ss
