2438 3878
132 184 175 249 48
586 185 638 239 ΧΠ
657 191 689 239 13

132 345 411 432 Apollinarem,
434 348 564 412 doctum
583 347 756 431 hominem,
779 352 983 432 percontatus
1003 372 1084 432 sum,
1104 372 1150 414 an

131 436 183 501 his
219 438 325 501 verbis
363 437 458 501 ‘intra
489 436 661 502 Kalendas'
698 439 787 522 ipsae
821 460 949 522 quoque
981 438 1149 504 Kalendae

132 530 325 608 tenerentur,
348 527 477 608 dixique
501 527 529 589 ei
553 549 604 590 me
624 527 772 591 videlicet
791 527 901 591 datum
919 527 1149 611 Kalendasque

106 615 213 679 amihi
230 616 401 699 predictas,
420 618 456 679 ut
474 615 558 679 intra
577 638 650 679 eum
670 617 753 680 diem
767 618 1016 700 pronuntiarem.
1056 615 1149 682 ‘Cur'

131 704 238 787 inquit
271 703 344 767 ‘hoc
375 726 426 768 me
453 705 562 788 potius
589 726 684 790 rogas
713 726 809 787 quam
837 727 875 770 ex
902 706 972 770 istis
1002 706 1148 788 aliquem
1176 731 1188 773 s

131 793 243 877 peritis
271 793 486 875 studiosisque
513 793 605 876 iuris,
634 814 714 877 quos
742 794 891 858 adhibere
916 795 952 858 in
975 796 1150 861 consilium

106 883 303 946 tiudicaturi
326 882 467 946 soletis?
510 881 592 946 Tum
615 883 665 946 illi
688 905 748 968 ego
771 884 817 948 ita
834 883 998 967 respondi:
1023 881 1070 947 ‘Si
1089 890 1150 949 aut

132 972 171 1035 de
197 972 314 1035 vetere'
338 971 470 1054 inquam
495 971 574 1036 ‘iure
598 974 629 1035 et
651 975 780 1056 recepto
804 977 860 1037 aut
883 977 1089 1037 controverso
1115 978 1149 1039 et

131 1060 284 1145 ambiguo
305 1064 362 1124 aut
379 1082 464 1124 novo
483 1064 516 1124 et
534 1061 709 1125 constituto
729 1062 913 1126 discendum
933 1065 1024 1144 esset,
1047 1061 1148 1127 issem

106 1147 227 1235 aplane
250 1150 447 1214 sciscitatum
470 1150 511 1213 ad
533 1150 622 1232 istos,
646 1171 726 1234 quos
750 1150 841 1236 dicis3
865 1151 920 1215 scd
942 1171 1014 1215 cum
1032 1151 1188 1218 verbo-1⁰

130 1261 202 1302 rum
227 1237 417 1303 Latinorum
445 1239 616 1320 sententia,
643 1261 734 1321 usuc,
760 1240 843 1303 ratio
871 1240 1066 1324 exploranda
1094 1241 1149 1324 sit,

132 1348 264 1392 scaevus
301 1328 445 1412 profecto
482 1331 514 1392 et
551 1348 662 1392 caecus
698 1329 797 1392 animi
833 1328 949 1411 forem,
991 1330 1031 1411 si,
1071 1349 1149 1395 cum

106 1460 110 1493 r
131 1415 283 1480 haberem
310 1417 359 1481 tui
387 1417 527 1500 copiam,
554 1417 650 1481 issem
673 1418 776 1501 magis
799 1419 840 1481 ad
863 1418 961 1481 alium
985 1440 1081 1501 quam
1106 1419 1149 1484 ad

105 1507 184 1569 ote?
228 1503 325 1568 ‘Audi
348 1505 467 1590 igitur,'
491 1505 598 1587 inquit
622 1505 671 1569 ‘de
689 1507 813 1569 ratione
831 1506 922 1570 verbi
941 1507 1018 1590 quid
1036 1507 1148 1573 existi-

132 1616 226 1677 mem,
250 1593 305 1658 sed
328 1615 365 1658 eo
389 1597 497 1658 tamen
519 1597 623 1678 pacto,
645 1597 682 1657 ut
705 1594 737 1658 id
760 1595 868 1678 facias,
890 1617 956 1659 non
977 1597 1064 1679 quod
1082 1618 1146 1682 ego
1161 1620 1185 1663 rs

132 1683 171 1747 de
202 1683 398 1766 proprietate
429 1683 518 1747 vocis
550 1682 741 1767 disseruero,
772 1685 828 1748 sed
861 1685 946 1768 quod
977 1685 1012 1751 in
1044 1707 1080 1749 ea
1110 1709 1148 1752 re

133 1773 276 1835 omnium
297 1773 477 1856 pluriumve
497 1792 653 1836 consensu
672 1773 834 1837 observari
853 1773 1054 1858 cognoverim
1076 1796 1148 1841 non

131 1861 217 1925 enim
244 1862 416 1925 verborum
443 1863 569 1924 tantum
595 1863 814 1926 communium
836 1885 929 1926 vome
952 1865 1048 1945 atque
1071 1886 1148 1946 pro-

130 1951 219 2033 priae
242 1951 492 2036 significationes
514 1950 660 2036 longiore
683 1973 745 2015 usu
763 1954 937 2034 mutantur,
960 1953 1016 2016 sed
1033 1952 1148 2038 legum

131 2060 260 2122 quoque
291 2040 434 2123 ipsarum
466 2039 552 2104 iussa
584 2060 741 2104 consensu
768 2041 867 2104 tacito
896 2040 1146 2108 oblitterantur?
1160 2066 1185 2108 aa

106 2144 122 2192 c
198 2127 281 2192 Tum
305 2128 417 2192 deinde
441 2129 590 2193 disseruit
612 2151 663 2192 me
686 2132 718 2192 et
740 2129 902 2212 plerisque
925 2130 996 2194 aliis
1015 2130 1148 2196 audien·

130 2217 218 2282 tibus
245 2218 281 2280 in
307 2217 393 2281 hunc
419 2217 520 2282 ferme
547 2219 692 2281 modum:
722 2216 816 2281 ‘Cum
844 2219 922 2282 dies'
951 2219 1058 2301 inquit
1087 2220 1147 2286 ‘ita

130 2307 299 2389 praefinita
331 2311 391 2390 est,
423 2309 460 2370 ut
491 2307 587 2371 iudex
620 2307 715 2370 ‘intra
743 2305 914 2371 Kalendas'
947 2309 1147 2394 pronuntiet,

132 2396 301 2479 occupavit
331 2397 396 2459 iam
427 2395 507 2460 haec
535 2417 644 2459 omnes
673 2395 783 2479 opinio
810 2417 877 2459 non
904 2418 972 2460 esse
999 2397 1147 2484 dubium,

131 2484 210 2566 quin
241 2488 315 2549 ante
341 2483 501 2548 Kalendas
531 2485 599 2548 iure
626 2486 865 2567 pronuntietur,
897 2490 928 2549 et
955 2484 989 2548 id
1015 2489 1146 2551 tantum
1160 2510 1183 2552 as

130 2573 252 2657 ambigi
279 2574 386 2657 video,
418 2574 504 2656 quod
531 2577 567 2637 tu
595 2574 734 2656 quaeris,
764 2596 805 2637 an
833 2572 984 2638 Kalendis
1013 2596 1146 2658 quoque

105 2661 198 2727 liure
230 2663 416 2746 pronuntiet
456 2712 462 2725 .
512 2659 623 2745 Ipsum
655 2665 762 2726 autem
794 2662 927 2726 verbum
955 2663 1002 2727 sic
1027 2667 1146 2747 procul

130 2750 228 2814 dubio
251 2755 363 2815 natum
385 2754 435 2814 est
457 2753 553 2832 atque
575 2751 621 2814 ita
644 2771 712 2815 sese
734 2750 841 2834 habet,
864 2756 910 2833 ut,
933 2772 1005 2815 curn
1024 2752 1146 2818 dicitur

130 2838 226 2903 ‘intra
253 2839 435 2922 Kalendas',
462 2859 528 2902 non
555 2839 637 2903 alius
664 2840 767 2924 accipi
795 2840 862 2904 dies
890 2840 1016 2924 debeat,
1044 2863 1145 2925 quam

129 2929 216 2993 solae
244 2928 414 2992 Kalendae.
464 2925 548 2991 Nam
580 2933 645 2992 tres
677 2929 757 2993 istae
788 2949 883 2993 voces
911 2929 1020 3013 intra,
1053 2933 1144 3017 citra,
1157 2955 1181 2996 ro

127 3018 235 3100 ultra',
275 3017 370 3081 uibus
390 3017 468 3081 certi
485 3018 630 3082 locorum
648 3018 728 3081 fines
747 3018 1014 3101 demonstrantur,
1033 3020 1144 3106 singu-

171 3190 745 3317 5aaolqiog.llllXVlH9,1,t(1116,l‘rt‘rt)
880 3199 913 3247 22
924 3210 982 3262 sqq.
1002 3192 1075 3248 Non.
1091 3195 1144 3250 XII

128 3281 156 3332 P·
225 3304 232 3329 ν

201 3429 216 3476 3
239 3440 285 3478 me
306 3441 357 3478 om.
378 3429 398 3484 α
419 3441 465 3478 me
484 3423 648 3498 (iudicem)
668 3426 754 3481 Hertz
772 3423 830 3494 (w)
852 3426 861 3494 Η
883 3430 900 3478 4
923 3424 1065 3493 predictas
1085 3427 1121 3488 α’
1133 3428 1143 3499 ll

124 3499 145 3546 8
161 3498 192 3547 et
204 3497 250 3562 (ac
270 3497 372 3566 Vassis)
389 3512 443 3551 rec.
461 3497 561 3565 aeripei
579 3499 629 3550 aut
646 3512 700 3551 rec.
716 3498 790 3565 11119
810 3494 961 3550 dicendum
977 3499 1053 3552 esset
1067 3515 1098 3553 se
1111 3499 1144 3555 in

59 3602 73 3645 Ε
98 3559 229 3625 planum
242 3567 339 3634 21116
357 3568 438 3623 uocis
450 3584 505 3625 ona
518 3569 562 3642 γη
578 3573 611 3624 19
629 3567 758 3625 nitantur
772 3569 863 3638 11111
879 3566 1026 3635 incipi-uz
