2438 3878
164 193 205 256 12
598 194 736 260 xr9310

162 357 272 440 refert,
298 378 365 420 non
392 357 426 421 id
448 361 560 440 postea
583 358 772 440 concelavit,
800 357 879 439 quin
902 356 1023 442 gloriae
1046 380 1173 441 quoque

162 445 225 510 hoc
253 444 315 509 sibi
341 446 530 532 adsignavit.
580 445 665 511 Nam
694 468 767 510 cum
794 447 1023 531 interrogasset
1050 445 1172 510 Aristo-

163 534 305 619 demum,
337 540 478 600 actorem
509 536 705 619 fabularum,
737 540 893 618 quantum
925 536 1092 619 mercedis,
1124 537 1173 599 uti

162 628 283 709 ageret,
311 625 498 709 accepisset,
526 629 558 688 et
586 624 807 689 Aristodemus
836 624 1015 688 ‘talentum'
1044 647 1173 708 respon-

163 714 273 777 disset:
299 714 343 778 ‘at
366 734 425 798 ego
449 715 533 798 plus’
558 715 665 797 inquit
689 713 823 797 accepi,
845 717 882 778 ut
905 715 1065 778 tacerem’.
1202 740 1215 780 s

654 891 684 954 X

163 995 243 1060 Quod
266 995 293 1049 C.
315 994 455 1049 Gracchus
483 995 513 1048 in
541 996 667 1050 oratione
689 1011 740 1048 sua
762 995 909 1049 historiam
932 1011 1017 1064 supra
1040 996 1173 1064 scriptam

197 1066 317 1121 Demadi
335 1066 453 1133 rhetori,
472 1084 528 1120 non
546 1067 737 1134 Demostheni,
756 1067 906 1135 adtribuit,
925 1068 1065 1135 verbaque
1084 1067 1173 1136 ipsius

198 1137 225 1192 G.
242 1138 361 1191 Gracchi
379 1138 476 1193 relata.

138 1267 151 1314 1
231 1248 324 1325 Quod
342 1249 376 1311 in
395 1249 499 1331 capite
518 1248 681 1331 superiore
700 1270 719 1311 a
737 1245 910 1312 Critolao
930 1249 1085 1331 scriptum
1105 1269 1174 1311 esse
1188 1274 1215 1313 10

162 1339 302 1402 diximus
339 1359 435 1421 super
470 1335 741 1420 Demosthene,
776 1338 810 1401 id
848 1336 879 1401 Ο.
911 1335 1102 1401 Gracchus
1140 1338 1174 1400 in

163 1428 351 1509 oratione,
380 1448 453 1508 qua
474 1424 596 1510 legem
619 1424 795 1490 Aufeiam
820 1427 1019 1507 dissuasit,
1042 1427 1081 1489 in
1103 1425 1173 1489 De-

136 1515 296 1581 amaden
313 1515 449 1579 contulit
462 1515 568 1579 verbis
582 1515 670 1579 hisce
684 1511 851 1598 (ΘΒΜ.
866 1517 962 1599 242);
980 1514 1074 1579 Nam
1093 1537 1174 1597 vos,

163 1604 348 1686 Quirites,
372 1605 403 1668 si
426 1604 558 1668 velitis
583 1605 774 1687 sapientia
797 1608 911 1688 atqua
933 1606 1079 1668 virtute
1103 1605 1173 1686 uti,

163 1695 237 1759 etsi
256 1693 457 1777 quaeritis,
475 1694 662 1757 neminem
680 1697 854 1758 nostrum
868 1694 1076 1758 invenietis
1092 1695 1173 1757 sine
1189 1718 1214 1759 15

162 1784 288 1867 pretio
317 1784 388 1845 huc
415 1783 577 1865 prodire.
624 1781 759 1847 Omnes
784 1804 866 1865 nos,
894 1784 959 1866 qui
981 1782 1096 1847 rerba
1119 1783 1173 1846 fa-

163 1874 296 1954 cimus,
319 1870 467 1955 aliquid
490 1872 670 1955 petimus,
697 1893 818 1953 neque
840 1871 960 1936 ullius
982 1873 1038 1935 rei
1062 1893 1174 1935 causa

163 1962 364 2045 quisquam
383 1961 427 2024 ad
445 1982 512 2024 vos
531 1961 673 2044 prodit,
694 1961 770 2024 nisi
788 1964 830 2024 ut
848 1961 997 2044 aliquid
1015 1961 1173 2025 auferat.

136 2051 242 2136 allgo
271 2052 367 2133 ipse,
395 2051 460 2133 qui
487 2053 579 2133 aput
605 2071 671 2114 ros
699 2049 814 2113 verba
841 2050 957 2133 facio,
986 2054 1027 2113 ut
1055 2051 1174 2113 vecti-

163 2141 265 2226 galia
288 2144 416 2203 vestra
440 2139 626 2224 augeatis,
650 2159 722 2222 quo
746 2136 903 2203 facilius
927 2143 1054 2203 vestra
1075 2160 1173 2203 com-
1188 2163 1215 2202 ao

163 2229 271 2293 moda
308 2233 345 2293 et
380 2227 656 2311 rempublicam
693 2228 962 2292 administrare
998 2228 1174 2310 possitis,

162 2341 237 2382 non
274 2318 394 2403 gratis
431 2318 586 2402 prode03
623 2338 751 2380 verum
788 2321 875 2400 peto
909 2341 927 2380 a
958 2316 1067 2380 vobis
1099 2339 1175 2380 non

163 2407 376 2490 pecuniam,
417 2406 480 2471 scd
520 2406 656 2470 bonam
695 2406 1022 2470 existimationem
1060 2409 1174 2488 atque

137 2496 353 2561 ahonorem.
409 2494 478 2571 Qui
515 2494 705 2578 prodeunt
739 2494 965 2577 dissuasuri,
1002 2517 1046 2558 ne
1077 2495 1175 2558 hanc

162 2586 284 2669 legem
308 2584 525 2668 accipiatis,
550 2587 686 2668 petunt
708 2604 782 2646 non
804 2584 986 2647 honorem
1010 2606 1028 2646 a
1050 2584 1215 2667 robiana

162 2696 290 2738 verum
318 2697 336 2738 a
363 2673 569 2738 Nicomede
597 2672 809 2756 pecuniam3
840 2674 905 2757 qui
932 2672 1105 2755 suadent,
1133 2678 1175 2736 ut

163 2764 381 2847 accipiatis,
396 2763 435 2826 hi
456 2783 604 2845 quoque
622 2764 761 2844 petunt
778 2782 853 2825 non
872 2784 890 2824 a
908 2762 1018 2825 robis
1037 2762 1174 2825 bonam

163 2853 505 2934 existimationem,
537 2872 665 2914 verum
698 2871 716 2912 a
748 2849 946 2914 Mitridate
978 2852 1032 2915 rei
1064 2852 1174 2915 fami-

163 2941 254 3006 liari
283 2963 371 3005 suae
393 2941 561 3024 pretium
585 2943 621 3003 et
644 2940 865 3025 praemium3
894 2940 959 3023 qui
982 2945 1107 3003 autem
1130 2962 1174 3002 ex

164 3032 293 3095 eodem
311 3031 397 3094 loco
417 3033 530 3113 atque
549 3028 681 3092 ordine
699 3031 842 3112 tacent,
860 3028 900 3092 hi
918 3030 979 3093 vel
997 3029 1174 3093 acerrimi
1188 3054 1215 3093 ao

164 3125 266 3203 sunt,
302 3140 385 3182 nam
422 3118 466 3181 ab
504 3116 679 3181 omnibus
712 3118 878 3200 pretium
910 3119 1105 3201 accipiunt
1138 3122 1174 3182 et

235 3301 250 3347 3
262 3295 403 3347 auctorem
412 3295 472 3345 Hx
484 3293 487 3364 l
499 3295 604 3360 quanto
614 3297 657 3345 ΒΖ
671 3296 680 3361 ΙΙ
694 3296 709 3344 5
721 3294 826 3362 aclego
836 3292 893 3345 B¹z
906 3295 916 3361 ll
931 3299 964 3346 10
974 3295 1152 3362 superioriB¹
1166 3296 1175 3365 ΙΙ

165 3374 197 3421 12
208 3365 333 3420 auferam
343 3365 377 3424 αἱ
392 3363 523 3434 aufegam
534 3365 646 3417 0¹11x¹
661 3363 802 3419 Saufeium
815 3364 861 3419 Ga.
877 3370 886 3432 ΙΙ
902 3371 935 3418 14
944 3365 1025 3432 utier,
1036 3366 1060 3418 si
1071 3367 1150 3436 Mdp.
1166 3368 1174 3434 ll

164 3445 197 3492 25
220 3437 382 3504 suscipiatis
402 3439 437 3489 Π
452 3438 513 3504 l128
536 3437 588 3506 rei]
613 3436 639 3490 ei
658 3439 679 3494 Q
698 3439 736 3506 (Ζ)
753 3439 756 3505 l
772 3435 920 3489 familiaris
940 3457 961 3488 ω
983 3453 1050 3490 corr.
1072 3438 1150 3507 Mdp.
1166 3440 1174 3506 Η

154 3515 195 3556 30
215 3507 326 3574 lacent]
349 3524 367 3565 ς
389 3507 508 3575 placent
527 3527 547 3559 ω
575 3509 721 3576 portacent
738 3508 809 3563 Jor.
835 3526 838 3571 ι
864 3507 1005 3562 sacerrimi
1024 3509 1152 3579 Beroaps
1166 3512 1174 3578 ll

27 3627 37 3649 h
136 3575 175 3617 31
191 3588 252 3622 non
270 3580 319 3631 ΟΖ
327 3578 341 3645 s
350 3580 517 3645 praemium
533 3581 569 3632 Π
