2438 3878
102 196 143 261 72
547 197 611 250 XIII
630 202 662 250 15

739 322 751 347 0

101 382 151 443 se,
187 382 319 424 rursus
355 364 552 443 praetores
586 361 840 442 consulesque
872 360 974 423 inter
1006 381 1047 423 se
1081 364 1120 424 et

100 450 242 513 vitiant
265 453 302 513 et
325 450 510 514 obtinent.
551 448 723 531 Praetor,
745 449 818 512 etsi
842 449 1002 532 conlega
1028 470 1120 512 con-

101 539 197 602 sulis
217 542 288 621 est,
303 559 424 621 neque
443 542 657 622 praetorem
676 559 797 619 neque
817 537 1012 602 consulem
1034 538 1119 602 iuro

100 649 236 712 rogare
267 631 412 710 potest,
444 631 485 690 ut
517 626 667 709 quidem
699 646 767 690 nos
799 648 818 689 a
845 627 1119 709 superioribus

101 717 316 799 accepimus
340 721 405 780 aut
427 721 514 780 ante
537 716 629 779 haec
651 720 823 798 tempora
844 719 1039 779 servatum
1059 720 1119 780 est
1144 741 1154 781 ι

101 810 138 869 et
159 809 201 868 ut
224 806 263 868 in
284 805 556 869 commentario
575 805 692 869 tertio
712 804 857 868 decimo
877 802 909 867 Ο.
929 803 1119 869 Tuditani

100 894 155 975 (fu.
175 893 248 958 aP.
267 893 346 958 211.
365 899 392 958 ei
411 893 484 977 Br.)
508 898 628 977 patet,
652 893 740 975 quia
763 894 965 977 imperium
988 895 1119 958 minus

100 986 269 1065 praetor,
296 983 416 1046 maius
444 983 560 1047 habet
588 984 735 1064 consul,
763 986 799 1046 et
826 1005 845 1046 a
872 983 1021 1046 minore
1051 984 1119 1046 im-

100 1072 207 1154 perio
236 1072 356 1136 maius
384 1076 449 1136 aut
477 1073 596 1135 maior
620 1071 848 1155 <amin01e>
872 1073 1035 1156 conlega
1059 1094 1119 1136 ro-

101 1161 183 1245 gari
203 1161 284 1224 iure
302 1182 377 1224 non
396 1164 532 1243 potest.
573 1159 651 1224 Nos
670 1160 729 1224 his
748 1160 987 1244 temporibus
1008 1183 1118 1244 prae·
1132 1187 1152 1226 u

100 1253 183 1313 tore
219 1253 416 1333 praetores
453 1254 605 1313 creante
637 1253 808 1313 veterum
839 1251 1119 1314 auctoritatem

12 1362 16 1371 ·
100 1360 228 1402 sumus
264 1338 388 1403 secuti
421 1359 543 1420 neque
574 1338 633 1402 his
666 1338 835 1403 comitiis
868 1338 906 1401 in
938 1341 1117 1422 auspicio

11 1474 13 1480 .
99 1426 250 1490 fuimus.
302 1426 485 1490 Censores
518 1448 635 1509 aeque
666 1448 741 1490 non
770 1426 899 1491 eodem
927 1433 1119 1513 rogantur

100 1515 274 1597 auspicio
312 1520 426 1597 atque
463 1517 640 1579 consules
677 1520 713 1580 et
749 1519 955 1599 praetores.
1012 1516 1118 1583 Reli-

101 1624 261 1685 quorum
296 1604 591 1688 magistratuum
628 1604 773 1668 minora
810 1609 898 1669 sunt
930 1608 1149 1689 auspicius

100 1690 195 1756 Ideo
227 1692 296 1755 illi
328 1693 523 1775 minores,
556 1693 599 1757 hi
630 1693 806 1770 maiores
838 1694 1118 1778 magistratus

100 1781 357 1863 appellantur.
407 1780 621 1845 Minoribus
649 1783 790 1847 creatis
817 1784 1118 1866 magistratibus

100 1870 262 1933 tributis
294 1871 464 1934 comitiis
496 1871 760 1955 magistratus,
797 1871 861 1935 sed
891 1872 1023 1937 iustus
1056 1897 1117 1940 cu-

100 1959 199 2022 riata
227 1959 338 2023 datur
364 1960 462 2042 lege;
494 1960 657 2024 maiores
684 1960 914 2024 centuriatis
943 1964 1117 2028 comitiis

99 2047 210 2111 fiunt.
1128 2076 1147 2115 u

75 2154 90 2201 s
167 2135 218 2199 Ex
246 2136 297 2201 his
325 2137 473 2201 omnibus
500 2137 607 2200 verbis
630 2135 814 2202 Messalae
838 2138 1048 2204 manifestum
1071 2142 1117 2223 fit,

101 2229 133 2289 et
161 2225 217 2307 qui
245 2226 309 2289 sint
331 2227 538 2310 magistratus
561 2226 700 2290 minores
724 2230 756 2290 et
780 2227 988 2309 quamobrem
1014 2231 1116 2294 mino

75 2331 150 2379 ores
187 2315 396 2397 appellentur.
456 2313 519 2378 Sed
555 2319 587 2379 et
623 2316 789 2400 conlegam
827 2337 895 2379 esse
933 2323 1115 2399 praetorem

75 2402 225 2468 roonsuli
248 2403 355 2486 docet,
379 2404 466 2486 quod
489 2404 600 2467 eodem
623 2405 765 2487 auspicio
789 2409 944 2469 creantur.
991 2406 1116 2472 Maiora

100 2495 207 2555 autem
235 2492 385 2556 dicuntur
411 2492 553 2574 auspicia
580 2493 709 2576 habere,
738 2494 813 2575 quia
836 2515 947 2558 eorum
972 2499 1145 2581 auspicius

99 2580 202 2665 magis
225 2585 294 2645 rata
318 2584 392 2644 sunt
416 2601 511 2663 quam
534 2580 679 2645 aliorum.

172 2807 614 2875 emmmmmffiu

171 3027 187 3075 5
211 3022 272 3092 aut]
296 3022 325 3074 et
347 3020 491 3090 Scioppius
513 3024 522 3091 Η
545 3026 561 3075 9
584 3022 674 3076 maior
697 3038 713 3074 a
736 3023 842 3076 minore
866 3025 953 3078 Hertz
976 3027 1114 3098 (Phyhisu)

99 3095 205 3148 maiore
230 3096 312 3160 (rem
335 3095 363 3161 z)
389 3114 409 3145 ω
437 3093 527 3146 maior
551 3093 598 3147 Gr.
626 3094 727 3147 maiori
755 3096 785 3162 (a.
809 3096 861 3162 re)
887 3096 971 3150 Mms.
1000 3099 1114 3153 maioris

100 3164 227 3220 Huschke
243 3165 246 3235 l
262 3179 362 3233 rogare
375 3183 394 3233 γ
407 3167 416 3232 ΙΙ
432 3170 464 3217 13
484 3165 606 3232 atqued
625 3180 722 3233 aequo,
741 3182 795 3219 non
817 3166 910 3220 Vuasu'a
923 3169 932 3235 ΙΙ
948 3173 982 3221 18
1001 3171 1053 3224 sed
1067 3171 1113 3225 del.

100 3236 226 3290 Huschke
248 3254 284 3289 m.
305 3234 425 3308 (ratus)
445 3238 474 3289 et
492 3235 509 3288 i.
529 3236 775 3290 Buehuer-Wobst
796 3237 799 3306 Ι
820 3237 864 3289 ius
883 3237 918 3290 iis
936 3239 1057 3297 Ouweus
1074 3242 1113 3295 ius

101 3308 161 3361 eius
176 3307 301 3362 Niebuhr
318 3307 362 3359 ius
381 3309 442 3360 tum
460 3308 546 3361 Hertz
568 3321 642 3375 mag.
662 3309 705 3360 est
722 3307 821 3372 iustus,
841 3308 952 3362 curiata
972 3311 999 3366 d.
1021 3313 1040 3365 l.
1060 3329 1113 3367 ma

100 3378 220 3446 iuribus,
242 3378 411 3452 (censores)
431 3377 595 3432 centmIatis
614 3378 683 3432 Kau
700 3380 709 3447 Η
728 3383 761 3431 23
781 3378 988 3448 ap(p)ellantur
1006 3387 1114 3439 zollx
