<?xml version="1.0" encoding="UTF-8"?>
<!DOCTYPE html PUBLIC "-//W3C//DTD XHTML 1.0 Transitional//EN"
    "http://www.w3.org/TR/xhtml1/DTD/xhtml1-transitional.dtd">
<html xmlns="http://www.w3.org/1999/xhtml" xml:lang="en" lang="en">
 <head>
  <title>
</title>
<meta http-equiv="Content-Type" content="text/html;charset=utf-8" />
  <meta name='ocr-system' content='tesseract 3.04.00' />
  <meta name='ocr-capabilities' content='ocr_page ocr_carea ocr_par ocr_line ocrx_word'/>
</head>
<body>
  <div class='ocr_page' id='page_1' title='image "agelliinoctivma02gellgoog_0069.png"; bbox 0 0 2438 3878; ppageno 0'>
   <div class='ocr_carea' id='block_1_1' title="bbox 129 159 704 228">
    <p class='ocr_par' dir='ltr' id='par_1_1' title="bbox 129 159 704 228">
     <span class='ocr_line' id='line_1_1' title="bbox 129 159 704 228; baseline 0.009 -5"><span class='ocrx_word' id='word_1_1' title='bbox 129 159 172 223; x_wconf 80' lang='lat'>62</span> <span class='ocrx_word' id='word_1_2' title='bbox 558 159 704 228; x_wconf 63' lang='lat' dir='ltr'>xmae</span> 
     </span>
    </p>
   </div>
   <div class='ocr_carea' id='block_1_2' title="bbox 103 322 1182 1031">
    <p class='ocr_par' dir='ltr' id='par_1_2' title="bbox 103 322 1182 1031">
     <span class='ocr_line' id='line_1_2' title="bbox 128 322 1146 407; baseline 0.002 -20"><span class='ocrx_word' id='word_1_3' title='bbox 128 323 203 388; x_wconf 88' lang='lat' dir='ltr'>ricis</span> <span class='ocrx_word' id='word_1_4' title='bbox 226 322 463 406; x_wconf 78' lang='lat' dir='ltr'>dialecticisque</span> <span class='ocrx_word' id='word_1_5' title='bbox 478 331 568 406; x_wconf 85' lang='lat' dir='ltr'>‘opus</span> <span class='ocrx_word' id='word_1_6' title='bbox 588 345 666 406; x_wconf 86' lang='lat' dir='ltr'>esse,</span> <span class='ocrx_word' id='word_1_7' title='bbox 689 324 743 387; x_wconf 92' lang='lat' dir='ltr'>sed</span> <span class='ocrx_word' id='word_1_8' title='bbox 762 327 908 407; x_wconf 79' lang='lat' dir='ltr'>oportere</span> <span class='ocrx_word' id='word_1_9' title='bbox 927 345 1000 387; x_wconf 88' lang='lat' dir='ltr'>oum</span> <span class='ocrx_word' id='word_1_10' title='bbox 1020 324 1146 389; x_wconf 85' lang='lat' dir='ltr'>versari</span> 
     </span>
     <span class='ocr_line' id='line_1_3' title="bbox 129 412 1146 497; baseline 0.002 -21"><span class='ocrx_word' id='word_1_11' title='bbox 129 433 257 496; x_wconf 89' lang='lat' dir='ltr'>quoque</span> <span class='ocrx_word' id='word_1_12' title='bbox 280 412 481 495; x_wconf 81' lang='lat' dir='ltr'>exercerique</span> <span class='ocrx_word' id='word_1_13' title='bbox 503 413 538 476; x_wconf 91' lang='lat' dir='ltr'>in</span> <span class='ocrx_word' id='word_1_14' title='bbox 559 412 655 477; x_wconf 87' lang='lat' dir='ltr'>rebus</span> <span class='ocrx_word' id='word_1_15' title='bbox 674 412 852 477; x_wconf 90' lang='lat' dir='ltr'>comminus</span> <span class='ocrx_word' id='word_1_16' title='bbox 870 412 1039 476; x_wconf 92' lang='lat' dir='ltr'>noscendis</span> <span class='ocrx_word' id='word_1_17' title='bbox 1059 414 1146 497; x_wconf 90' lang='lat' dir='ltr'>peri-</span> 
     </span>
     <span class='ocr_line' id='line_1_4' title="bbox 130 501 1146 584; baseline 0.002 -19"><span class='ocrx_word' id='word_1_18' title='bbox 130 501 339 584; x_wconf 88' lang='lat' dir='ltr'>clitandisque</span> <span class='ocrx_word' id='word_1_19' title='bbox 367 523 466 584; x_wconf 88' lang='lat' dir='ltr'>eaque</span> <span class='ocrx_word' id='word_1_20' title='bbox 494 502 602 565; x_wconf 90' lang='lat' dir='ltr'>omnia</span> <span class='ocrx_word' id='word_1_21' title='bbox 628 506 699 566; x_wconf 87' lang='lat' dir='ltr'>acta</span> <span class='ocrx_word' id='word_1_22' title='bbox 727 505 759 566; x_wconf 94' lang='lat' dir='ltr'>et</span> <span class='ocrx_word' id='word_1_23' title='bbox 781 505 894 565; x_wconf 89' lang='lat' dir='ltr'>eventa</span> <span class='ocrx_word' id='word_1_24' title='bbox 917 501 1053 565; x_wconf 89' lang='lat' dir='ltr'>firmiter</span> <span class='ocrx_word' id='word_1_25' title='bbox 1078 525 1146 567; x_wconf 90' lang='lat' dir='ltr'>me-</span> 
     </span>
     <span class='ocr_line' id='line_1_5' title="bbox 129 589 1146 674; baseline 0.003 -21"><span class='ocrx_word' id='word_1_26' title='bbox 129 591 259 654; x_wconf 84' lang='lat' dir='ltr'>minisse</span> <span class='ocrx_word' id='word_1_27' title='bbox 282 594 314 654; x_wconf 91' lang='lat' dir='ltr'>et</span> <span class='ocrx_word' id='word_1_28' title='bbox 336 590 469 674; x_wconf 88' lang='lat' dir='ltr'>proinde</span> <span class='ocrx_word' id='word_1_29' title='bbox 488 612 598 674; x_wconf 87' lang='lat' dir='ltr'>sapere</span> <span class='ocrx_word' id='word_1_30' title='bbox 617 594 713 673; x_wconf 88' lang='lat' dir='ltr'>atque</span> <span class='ocrx_word' id='word_1_31' title='bbox 731 592 896 656; x_wconf 85' lang='lat' dir='ltr'>consulere</span> <span class='ocrx_word' id='word_1_32' title='bbox 915 612 954 654; x_wconf 87' lang='lat' dir='ltr'>ex</span> <span class='ocrx_word' id='word_1_33' title='bbox 972 589 1034 672; x_wconf 90' lang='lat' dir='ltr'>his,</span> <span class='ocrx_word' id='word_1_34' title='bbox 1058 613 1146 673; x_wconf 82' lang='lat' dir='ltr'>quae</span> 
     </span>
     <span class='ocr_line' id='line_1_6' title="bbox 129 679 1182 763; baseline 0 -18"><span class='ocrx_word' id='word_1_35' title='bbox 129 679 270 762; x_wconf 88' lang='lat' dir='ltr'>pericula</span> <span class='ocrx_word' id='word_1_36' title='bbox 294 680 364 763; x_wconf 89' lang='lat' dir='ltr'>ipsa</span> <span class='ocrx_word' id='word_1_37' title='bbox 386 700 492 743; x_wconf 88' lang='lat' dir='ltr'>rerum</span> <span class='ocrx_word' id='word_1_38' title='bbox 516 679 694 763; x_wconf 80' lang='lat' dir='ltr'>docuerint,</span> <span class='ocrx_word' id='word_1_39' title='bbox 721 701 787 744; x_wconf 91' lang='lat' dir='ltr'>non</span> <span class='ocrx_word' id='word_1_40' title='bbox 810 701 891 763; x_wconf 88' lang='lat' dir='ltr'>quac</span> <span class='ocrx_word' id='word_1_41' title='bbox 913 679 988 743; x_wconf 90' lang='lat' dir='ltr'>libri</span> <span class='ocrx_word' id='word_1_42' title='bbox 1011 683 1145 745; x_wconf 91' lang='lat' dir='ltr'>tantum</span> <span class='ocrx_word' id='word_1_43' title='bbox 1172 704 1182 745; x_wconf 81' lang='grc'>1</span> 
     </span>
     <span class='ocr_line' id='line_1_7' title="bbox 128 768 1145 854; baseline 0.002 -23"><span class='ocrx_word' id='word_1_44' title='bbox 128 772 185 832; x_wconf 90' lang='lat' dir='ltr'>aut</span> <span class='ocrx_word' id='word_1_45' title='bbox 207 768 353 854; x_wconf 80' lang='lat' dir='ltr'>magistri</span> <span class='ocrx_word' id='word_1_46' title='bbox 375 790 432 851; x_wconf 90' lang='lat' dir='ltr'>per</span> <span class='ocrx_word' id='word_1_47' title='bbox 455 768 607 852; x_wconf 87' lang='lat' dir='ltr'>quasdam</span> <span class='ocrx_word' id='word_1_48' title='bbox 630 769 800 833; x_wconf 89' lang='lat' dir='ltr'>inanitates</span> <span class='ocrx_word' id='word_1_49' title='bbox 821 769 991 834; x_wconf 81' lang='lat' dir='ltr'>verborum</span> <span class='ocrx_word' id='word_1_50' title='bbox 1010 772 1044 833; x_wconf 93' lang='lat' dir='ltr'>et</span> <span class='ocrx_word' id='word_1_51' title='bbox 1063 769 1145 834; x_wconf 89' lang='lat' dir='ltr'>ima-</span> 
     </span>
     <span class='ocr_line' id='line_1_8' title="bbox 129 856 1145 942; baseline 0.004 -23"><span class='ocrx_word' id='word_1_52' title='bbox 129 857 240 942; x_wconf 85' lang='lat' dir='ltr'>ginum</span> <span class='ocrx_word' id='word_1_53' title='bbox 267 860 431 941; x_wconf 80' lang='lat' dir='ltr'>tamquam</span> <span class='ocrx_word' id='word_1_54' title='bbox 456 856 491 920; x_wconf 94' lang='lat' dir='ltr'>in</span> <span class='ocrx_word' id='word_1_55' title='bbox 513 857 612 921; x_wconf 93' lang='lat' dir='ltr'>mimo</span> <span class='ocrx_word' id='word_1_56' title='bbox 635 880 654 921; x_wconf 93' lang='lat' dir='ltr'>a</span> <span class='ocrx_word' id='word_1_57' title='bbox 677 861 691 921; x_wconf 99' lang='lat' dir='ltr'>t</span> <span class='ocrx_word' id='word_1_58' title='bbox 713 858 748 921; x_wconf 92' lang='lat' dir='ltr'>in</span> <span class='ocrx_word' id='word_1_59' title='bbox 771 858 895 922; x_wconf 91' lang='lat' dir='ltr'>somnio</span> <span class='ocrx_word' id='word_1_60' title='bbox 919 856 1145 923; x_wconf 84' lang='lat' dir='ltr'>deleraven&#39;nt.</span> 
     </span>
     <span class='ocr_line' id='line_1_9' title="bbox 103 943 1146 1031; baseline 0.004 -23"><span class='ocrx_word' id='word_1_61' title='bbox 103 943 249 1009; x_wconf 78' lang='lat' dir='ltr'>aversus</span> <span class='ocrx_word' id='word_1_62' title='bbox 276 944 413 1010; x_wconf 83' lang='lat' dir='ltr'>Afrani</span> <span class='ocrx_word' id='word_1_63' title='bbox 442 949 516 1010; x_wconf 93' lang='lat' dir='ltr'>sunt</span> <span class='ocrx_word' id='word_1_64' title='bbox 547 947 582 1010; x_wconf 94' lang='lat' dir='ltr'>in</span> <span class='ocrx_word' id='word_1_65' title='bbox 608 950 755 1031; x_wconf 84' lang='lat' dir='ltr'>togata,</span> <span class='ocrx_word' id='word_1_66' title='bbox 787 948 840 1010; x_wconf 92' lang='lat' dir='ltr'>cui</span> <span class='ocrx_word' id='word_1_67' title='bbox 867 943 993 1010; x_wconf 83' lang='lat' dir='ltr'>Sellae</span> <span class='ocrx_word' id='word_1_68' title='bbox 1020 968 1146 1012; x_wconf 89' lang='lat' dir='ltr'>nomen</span> 
     </span>
    </p>
   </div>
   <div class='ocr_carea' id='block_1_3' title="bbox 129 1031 417 1118">
    <p class='ocr_par' dir='ltr' id='par_1_3' title="bbox 129 1031 417 1118">
     <span class='ocr_line' id='line_1_10' title="bbox 129 1031 417 1118; baseline 0.007 -20"><span class='ocrx_word' id='word_1_69' title='bbox 129 1037 178 1098; x_wconf 91' lang='lat' dir='ltr'>est</span> <span class='ocrx_word' id='word_1_70' title='bbox 202 1034 242 1117; x_wconf 83' lang='lat' dir='ltr'>(o.</span> <span class='ocrx_word' id='word_1_71' title='bbox 255 1038 322 1100; x_wconf 76' lang='lat'>298</span> <span class='ocrx_word' id='word_1_72' title='bbox 335 1031 417 1118; x_wconf 77' lang='lat' dir='ltr'><em>R.⁸):</em></span> 
     </span>
    </p>
   </div>
   <div class='ocr_carea' id='block_1_4' title="bbox 173 1148 1184 1323">
    <p class='ocr_par' dir='ltr' id='par_1_4' title="bbox 173 1148 1184 1323">
     <span class='ocr_line' id='line_1_11' title="bbox 173 1148 1184 1237; baseline 0.003 -24"><span class='ocrx_word' id='word_1_73' title='bbox 173 1148 271 1215; x_wconf 82' lang='lat' dir='ltr'>Vsus</span> <span class='ocrx_word' id='word_1_74' title='bbox 294 1173 350 1215; x_wconf 91' lang='lat' dir='ltr'>me</span> <span class='ocrx_word' id='word_1_75' title='bbox 373 1151 519 1237; x_wconf 82' lang='lat' dir='ltr'>genuit,</span> <span class='ocrx_word' id='word_1_76' title='bbox 541 1151 662 1215; x_wconf 79' lang='lat' dir='ltr'>mater</span> <span class='ocrx_word' id='word_1_77' title='bbox 684 1152 835 1235; x_wconf 88' lang='lat' dir='ltr'>peperit</span> <span class='ocrx_word' id='word_1_78' title='bbox 857 1149 1052 1234; x_wconf 74' lang='lat' dir='ltr'>Memoria,</span> <span class='ocrx_word' id='word_1_79' title='bbox 1160 1177 1184 1216; x_wconf 90' lang='lat' dir='ltr'>1o</span> 
     </span>
     <span class='ocr_line' id='line_1_12' title="bbox 174 1237 1083 1323; baseline 0.002 -21"><span class='ocrx_word' id='word_1_80' title='bbox 174 1237 353 1323; x_wconf 77' lang='lat' dir='ltr'>Sophiam</span> <span class='ocrx_word' id='word_1_81' title='bbox 376 1244 515 1303; x_wconf 84' lang='lat' dir='ltr'>vocant</span> <span class='ocrx_word' id='word_1_82' title='bbox 537 1262 592 1303; x_wconf 89' lang='lat' dir='ltr'>me</span> <span class='ocrx_word' id='word_1_83' title='bbox 617 1237 720 1323; x_wconf 78' lang='lat' dir='ltr'>Grai,</span> <span class='ocrx_word' id='word_1_84' title='bbox 742 1261 808 1304; x_wconf 84' lang='lat' dir='ltr'>vos</span> <span class='ocrx_word' id='word_1_85' title='bbox 833 1237 1083 1323; x_wconf 73' lang='lat' dir='ltr'>Sapientiam.</span> 
     </span>
    </p>
   </div>
   <div class='ocr_carea' id='block_1_5' title="bbox 101 1353 1146 1529">
    <p class='ocr_par' dir='ltr' id='par_1_5' title="bbox 101 1353 1146 1529">
     <span class='ocr_line' id='line_1_13' title="bbox 101 1353 1145 1440; baseline -0.001 -20"><span class='ocrx_word' id='word_1_86' title='bbox 101 1353 210 1420; x_wconf 85' lang='lat' dir='ltr'>4ltem</span> <span class='ocrx_word' id='word_1_87' title='bbox 232 1377 343 1419; x_wconf 85' lang='lat' dir='ltr'>versus</span> <span class='ocrx_word' id='word_1_88' title='bbox 366 1359 414 1419; x_wconf 89' lang='lat' dir='ltr'>est</span> <span class='ocrx_word' id='word_1_89' title='bbox 436 1355 471 1419; x_wconf 91' lang='lat' dir='ltr'>in</span> <span class='ocrx_word' id='word_1_90' title='bbox 489 1355 621 1418; x_wconf 87' lang='lat' dir='ltr'>eandem</span> <span class='ocrx_word' id='word_1_91' title='bbox 639 1355 739 1419; x_wconf 83' lang='lat' dir='ltr'>ferme</span> <span class='ocrx_word' id='word_1_92' title='bbox 758 1355 948 1419; x_wconf 86' lang='lat' dir='ltr'>sententiam</span> <span class='ocrx_word' id='word_1_93' title='bbox 966 1354 1145 1440; x_wconf 84' lang='lat' dir='ltr'>Pacuvii,</span> 
     </span>
     <span class='ocr_line' id='line_1_14' title="bbox 129 1443 1146 1529; baseline 0.002 -21"><span class='ocrx_word' id='word_1_94' title='bbox 129 1466 224 1528; x_wconf 88' lang='lat' dir='ltr'>quem</span> <span class='ocrx_word' id='word_1_95' title='bbox 243 1443 395 1508; x_wconf 83' lang='lat' dir='ltr'>Macedo</span> <span class='ocrx_word' id='word_1_96' title='bbox 415 1443 637 1528; x_wconf 83' lang='lat' dir='ltr'>philosophus,</span> <span class='ocrx_word' id='word_1_97' title='bbox 654 1445 705 1507; x_wconf 85' lang='lat' dir='ltr'>vir</span> <span class='ocrx_word' id='word_1_98' title='bbox 722 1444 835 1527; x_wconf 86' lang='lat' dir='ltr'>bonus,</span> <span class='ocrx_word' id='word_1_99' title='bbox 853 1444 1020 1507; x_wconf 85' lang='lat' dir='ltr'>familiaris</span> <span class='ocrx_word' id='word_1_100' title='bbox 1039 1468 1146 1529; x_wconf 88' lang='lat' dir='ltr'>meus,</span> 
     </span>
    </p>
   </div>
   <div class='ocr_carea' id='block_1_6' title="bbox 129 1532 1182 1705">
    <p class='ocr_par' dir='ltr' id='par_1_6' title="bbox 129 1532 1182 1705">
     <span class='ocr_line' id='line_1_15' title="bbox 129 1532 1144 1705; baseline 0.001 -108"><span class='ocrx_word' id='word_1_101' title='bbox 129 1532 362 1705; x_wconf 50' lang='grc' dir='ltr'><strong>ἓ611311418116ἰ113316</strong></span> <span class='ocrx_word' id='word_1_102' title='bbox 386 1532 535 1597; x_wconf 84' lang='lat' dir='ltr'>censebat</span> <span class='ocrx_word' id='word_1_103' title='bbox 558 1554 616 1616; x_wconf 88' lang='lat' dir='ltr'>pro</span> <span class='ocrx_word' id='word_1_104' title='bbox 637 1532 761 1596; x_wconf 88' lang='lat' dir='ltr'>foribus</span> <span class='ocrx_word' id='word_1_105' title='bbox 781 1533 924 1597; x_wconf 90' lang='lat' dir='ltr'>omnium</span> <span class='ocrx_word' id='word_1_106' title='bbox 942 1534 1144 1617; x_wconf 91' lang='lat' dir='ltr'>templorum</span> 
     </span>
     <span class='ocr_line' id='line_1_16' title="bbox 143 1643 1182 1688; baseline 0.002 -2"><span class='ocrx_word' id='word_1_107' title='bbox 143 1643 169 1686; x_wconf 84' lang='lat' dir='ltr'>o.</span> <span class='ocrx_word' id='word_1_108' title='bbox 293 1671 299 1686; x_wconf 88' lang='lat'><strong>.</strong></span> <span class='ocrx_word' id='word_1_109' title='bbox 335 1644 342 1685; x_wconf 91' lang='lat'>:</span> <span class='ocrx_word' id='word_1_110' title='bbox 1159 1647 1182 1688; x_wconf 79' lang='lat' dir='ltr'>a</span> 
     </span>
    </p>
   </div>
   <div class='ocr_carea' id='block_1_7' title="bbox 233 1736 1144 1910">
    <p class='ocr_par' dir='ltr' id='par_1_7' title="bbox 233 1736 1144 1910">
     <span class='ocr_line' id='line_1_17' title="bbox 233 1736 1144 1822; baseline 0.004 -22"><span class='ocrx_word' id='word_1_111' title='bbox 233 1758 301 1822; x_wconf 79' lang='lat' dir='ltr'>ego</span> <span class='ocrx_word' id='word_1_112' title='bbox 326 1736 388 1800; x_wconf 93' lang='lat' dir='ltr'>odi</span> <span class='ocrx_word' id='word_1_113' title='bbox 411 1736 583 1801; x_wconf 91' lang='lat' dir='ltr'>homines</span> <span class='ocrx_word' id='word_1_114' title='bbox 606 1736 746 1822; x_wconf 84' lang='lat' dir='ltr'>ignava</span> <span class='ocrx_word' id='word_1_115' title='bbox 770 1758 883 1821; x_wconf 87' lang='lat' dir='ltr'>opera</span> <span class='ocrx_word' id='word_1_116' title='bbox 906 1741 942 1801; x_wconf 91' lang='lat' dir='ltr'>et</span> <span class='ocrx_word' id='word_1_117' title='bbox 965 1736 1144 1820; x_wconf 77' lang='lat' dir='ltr'>philoso-</span> 
     </span>
     <span class='ocr_line' id='line_1_18' title="bbox 712 1824 1008 1910; baseline 0 -21"><span class='ocrx_word' id='word_1_118' title='bbox 712 1825 785 1910; x_wconf 90' lang='lat' dir='ltr'>pha</span> <span class='ocrx_word' id='word_1_119' title='bbox 808 1824 1008 1891; x_wconf 85' lang='lat' dir='ltr'>sente&#39;ntia.</span> 
     </span>
    </p>
   </div>
   <div class='ocr_carea' id='block_1_8' title="bbox 102 1939 1182 2382">
    <p class='ocr_par' dir='ltr' id='par_1_8' title="bbox 102 1939 1182 2382">
     <span class='ocr_line' id='line_1_19' title="bbox 102 1939 1144 2027; baseline 0.001 -19"><span class='ocrx_word' id='word_1_120' title='bbox 102 1939 221 2008; x_wconf 79' lang='lat' dir='ltr'>oNihil</span> <span class='ocrx_word' id='word_1_121' title='bbox 252 1941 336 2007; x_wconf 91' lang='lat' dir='ltr'>enim</span> <span class='ocrx_word' id='word_1_122' title='bbox 368 1942 438 2007; x_wconf 88' lang='lat' dir='ltr'>fieri</span> <span class='ocrx_word' id='word_1_123' title='bbox 469 1963 563 2025; x_wconf 84' lang='lat' dir='ltr'>posse</span> <span class='ocrx_word' id='word_1_124' title='bbox 594 1941 757 2027; x_wconf 77' lang='lat' dir='ltr'>indignius</span> <span class='ocrx_word' id='word_1_125' title='bbox 784 1964 887 2025; x_wconf 85' lang='lat' dir='ltr'>nequo</span> <span class='ocrx_word' id='word_1_126' title='bbox 913 1942 1144 2008; x_wconf 84' lang='lat' dir='ltr'>intolerantius</span> 
     </span>
     <span class='ocr_line' id='line_1_20' title="bbox 128 2030 1144 2117; baseline 0.001 -21"><span class='ocrx_word' id='word_1_127' title='bbox 128 2031 267 2115; x_wconf 87' lang='lat' dir='ltr'>dicebat,</span> <span class='ocrx_word' id='word_1_128' title='bbox 295 2053 391 2115; x_wconf 93' lang='lat' dir='ltr'>quam</span> <span class='ocrx_word' id='word_1_129' title='bbox 420 2031 506 2114; x_wconf 91' lang='lat' dir='ltr'>quod</span> <span class='ocrx_word' id='word_1_130' title='bbox 528 2030 674 2095; x_wconf 89' lang='lat' dir='ltr'>homines</span> <span class='ocrx_word' id='word_1_131' title='bbox 697 2031 866 2117; x_wconf 83' lang='lat' dir='ltr'>ignaviae</span> <span class='ocrx_word' id='word_1_132' title='bbox 889 2030 1011 2095; x_wconf 90' lang='lat' dir='ltr'>desides</span> <span class='ocrx_word' id='word_1_133' title='bbox 1036 2033 1144 2115; x_wconf 86' lang='lat' dir='ltr'>operti</span> 
     </span>
     <span class='ocr_line' id='line_1_21' title="bbox 128 2118 1182 2204; baseline 0.002 -20"><span class='ocrx_word' id='word_1_134' title='bbox 128 2121 227 2185; x_wconf 88' lang='lat' dir='ltr'>barba</span> <span class='ocrx_word' id='word_1_135' title='bbox 255 2124 286 2185; x_wconf 91' lang='lat' dir='ltr'>et</span> <span class='ocrx_word' id='word_1_136' title='bbox 313 2121 412 2204; x_wconf 87' lang='lat' dir='ltr'>pallio</span> <span class='ocrx_word' id='word_1_137' title='bbox 438 2141 542 2185; x_wconf 90' lang='lat' dir='ltr'>mores</span> <span class='ocrx_word' id='word_1_138' title='bbox 565 2124 598 2184; x_wconf 91' lang='lat' dir='ltr'>et</span> <span class='ocrx_word' id='word_1_139' title='bbox 620 2121 835 2184; x_wconf 88' lang='lat' dir='ltr'>emolumenta</span> <span class='ocrx_word' id='word_1_140' title='bbox 858 2118 1085 2203; x_wconf 88' lang='lat' dir='ltr'>philosophiae</span> <span class='ocrx_word' id='word_1_141' title='bbox 1110 2122 1144 2186; x_wconf 90' lang='lat' dir='ltr'>in</span> <span class='ocrx_word' id='word_1_142' title='bbox 1158 2145 1182 2186; x_wconf 76' lang='lat' dir='ltr'>ao</span> 
     </span>
     <span class='ocr_line' id='line_1_22' title="bbox 127 2209 1143 2296; baseline 0.001 -22"><span class='ocrx_word' id='word_1_143' title='bbox 127 2210 256 2296; x_wconf 83' lang='lat' dir='ltr'>linguae</span> <span class='ocrx_word' id='word_1_144' title='bbox 288 2209 523 2293; x_wconf 83' lang='lat' dir='ltr'>verborumque</span> <span class='ocrx_word' id='word_1_145' title='bbox 554 2213 638 2274; x_wconf 84' lang='lat' dir='ltr'>artos</span> <span class='ocrx_word' id='word_1_146' title='bbox 670 2212 891 2274; x_wconf 87' lang='lat' dir='ltr'>converterent</span> <span class='ocrx_word' id='word_1_147' title='bbox 923 2212 955 2272; x_wconf 85' lang='lat' dir='ltr'>et</span> <span class='ocrx_word' id='word_1_148' title='bbox 987 2209 1067 2273; x_wconf 86' lang='lat' dir='ltr'>vitia</span> <span class='ocrx_word' id='word_1_149' title='bbox 1096 2211 1143 2275; x_wconf 87' lang='lat' dir='ltr'>fa-</span> 
     </span>
     <span class='ocr_line' id='line_1_23' title="bbox 128 2297 1142 2382; baseline 0.002 -19"><span class='ocrx_word' id='word_1_150' title='bbox 128 2298 320 2363; x_wconf 89' lang='lat' dir='ltr'>cundissime</span> <span class='ocrx_word' id='word_1_151' title='bbox 343 2302 528 2363; x_wconf 84' lang='lat' dir='ltr'>accusarent</span> <span class='ocrx_word' id='word_1_152' title='bbox 551 2298 762 2362; x_wconf 85' lang='lat' dir='ltr'>intercutibus</span> <span class='ocrx_word' id='word_1_153' title='bbox 780 2297 843 2382; x_wconf 91' lang='lat' dir='ltr'>ipsi</span> <span class='ocrx_word' id='word_1_154' title='bbox 861 2297 947 2362; x_wconf 85' lang='lat' dir='ltr'>vitiis</span> <span class='ocrx_word' id='word_1_155' title='bbox 965 2298 1142 2365; x_wconf 87' lang='lat' dir='ltr'>madentes.</span> 
     </span>
    </p>
   </div>
   <div class='ocr_carea' id='block_1_9' title="bbox 609 2474 656 2540">
    <p class='ocr_par' dir='ltr' id='par_1_9' title="bbox 609 2474 656 2540">
     <span class='ocr_line' id='line_1_24' title="bbox 609 2474 656 2540; baseline 0 0"><span class='ocrx_word' id='word_1_156' title='bbox 609 2474 656 2540; x_wconf 92' lang='lat' dir='ltr'>IX</span> 
     </span>
    </p>
   </div>
   <div class='ocr_carea' id='block_1_10' title="bbox 129 2595 1180 2738">
    <p class='ocr_par' dir='ltr' id='par_1_10' title="bbox 129 2595 1180 2738">
     <span class='ocr_line' id='line_1_25' title="bbox 129 2595 1143 2664; baseline 0.002 -14"><span class='ocrx_word' id='word_1_157' title='bbox 129 2596 203 2662; x_wconf 82' lang='lat' dir='ltr'>Quid</span> <span class='ocrx_word' id='word_1_158' title='bbox 225 2596 334 2650; x_wconf 83' lang='lat' dir='ltr'>Tullius</span> <span class='ocrx_word' id='word_1_159' title='bbox 357 2596 422 2651; x_wconf 88' lang='lat' dir='ltr'>Tiro</span> <span class='ocrx_word' id='word_1_160' title='bbox 449 2597 479 2651; x_wconf 88' lang='lat' dir='ltr'>in</span> <span class='ocrx_word' id='word_1_161' title='bbox 507 2595 714 2651; x_wconf 87' lang='lat' dir='ltr'>commentariis</span> <span class='ocrx_word' id='word_1_162' title='bbox 743 2595 885 2664; x_wconf 90' lang='lat' dir='ltr'>scripserit</span> <span class='ocrx_word' id='word_1_163' title='bbox 914 2596 948 2650; x_wconf 89' lang='lat' dir='ltr'>de</span> <span class='ocrx_word' id='word_1_164' title='bbox 977 2597 1084 2651; x_wconf 90' lang='lat' dir='ltr'>suculis</span> <span class='ocrx_word' id='word_1_165' title='bbox 1114 2601 1143 2652; x_wconf 88' lang='lat' dir='ltr'>et</span> 
     </span>
     <span class='ocr_line' id='line_1_26' title="bbox 163 2666 1180 2738; baseline 0.002 -17"><span class='ocrx_word' id='word_1_166' title='bbox 163 2668 317 2738; x_wconf 85' lang='lat' dir='ltr'>hyadibus,</span> <span class='ocrx_word' id='word_1_167' title='bbox 336 2684 409 2736; x_wconf 89' lang='lat' dir='ltr'>quae</span> <span class='ocrx_word' id='word_1_168' title='bbox 429 2669 494 2721; x_wconf 90' lang='lat' dir='ltr'>sunt</span> <span class='ocrx_word' id='word_1_169' title='bbox 513 2667 657 2722; x_wconf 86' lang='lat' dir='ltr'>stellarum</span> <span class='ocrx_word' id='word_1_170' title='bbox 675 2666 820 2722; x_wconf 86' lang='lat' dir='ltr'>vocabula.</span> <span class='ocrx_word' id='word_1_171' title='bbox 1156 2682 1180 2723; x_wconf 77' lang='grc'>11</span> 
     </span>
    </p>
   </div>
   <div class='ocr_carea' id='block_1_11' title="bbox 101 2793 1142 2969">
    <p class='ocr_par' dir='ltr' id='par_1_11' title="bbox 101 2793 1142 2969">
     <span class='ocr_line' id='line_1_27' title="bbox 103 2793 1142 2862; baseline 0 0"><span class='ocrx_word' id='word_1_172' title='bbox 103 2815 116 2862; x_wconf 90' lang='grc'>1</span> <span class='ocrx_word' id='word_1_173' title='bbox 195 2795 346 2861; x_wconf 85' lang='lat' dir='ltr'>Tullius</span> <span class='ocrx_word' id='word_1_174' title='bbox 369 2794 458 2859; x_wconf 80' lang='lat' dir='ltr'>Tiro</span> <span class='ocrx_word' id='word_1_175' title='bbox 481 2793 524 2859; x_wconf 87' lang='lat' dir='ltr'>M.</span> <span class='ocrx_word' id='word_1_176' title='bbox 549 2793 746 2860; x_wconf 83' lang='lat' dir='ltr'>Ciceronis</span> <span class='ocrx_word' id='word_1_177' title='bbox 773 2796 922 2859; x_wconf 88' lang='lat' dir='ltr'>alumnus</span> <span class='ocrx_word' id='word_1_178' title='bbox 948 2795 1142 2862; x_wconf 85' lang='lat' dir='ltr'>othbertus</span> 
     </span>
     <span class='ocr_line' id='line_1_28' title="bbox 101 2882 1142 2969; baseline 0.004 -19"><span class='ocrx_word' id='word_1_179' title='bbox 101 2885 317 2969; x_wconf 73' lang='lat' dir='ltr'>aaffiutorquo</span> <span class='ocrx_word' id='word_1_180' title='bbox 348 2885 384 2949; x_wconf 93' lang='lat' dir='ltr'>in</span> <span class='ocrx_word' id='word_1_181' title='bbox 412 2884 528 2949; x_wconf 89' lang='lat' dir='ltr'>litteris</span> <span class='ocrx_word' id='word_1_182' title='bbox 556 2884 734 2948; x_wconf 88' lang='lat' dir='ltr'>studiorum</span> <span class='ocrx_word' id='word_1_183' title='bbox 762 2884 829 2949; x_wconf 89' lang='lat' dir='ltr'>eius</span> <span class='ocrx_word' id='word_1_184' title='bbox 856 2883 927 2951; x_wconf 81' lang='lat' dir='ltr'>fuit.</span> <span class='ocrx_word' id='word_1_185' title='bbox 977 2882 1009 2948; x_wconf 94' lang='lat' dir='ltr'>Is</span> <span class='ocrx_word' id='word_1_186' title='bbox 1037 2886 1142 2955; x_wconf 89' lang='lat' dir='ltr'>libros</span> 
     </span>
    </p>
   </div>
   <div class='ocr_carea' id='block_1_12' title="bbox 200 3016 503 3145">
    <p class='ocr_par' dir='ltr' id='par_1_12' title="bbox 200 3016 503 3145">
     <span class='ocr_line' id='line_1_29' title="bbox 200 3016 503 3145; baseline -0.013 -13"><span class='ocrx_word' id='word_1_187' title='bbox 200 3084 233 3132; x_wconf 79' lang='lat'>16</span> <span class='ocrx_word' id='word_1_188' title='bbox 251 3016 503 3145; x_wconf 57' lang='grc'><strong>1111111111</strong></span> 
     </span>
    </p>
   </div>
   <div class='ocr_carea' id='block_1_13' title="bbox 118 3253 1143 3608">
    <p class='ocr_par' dir='ltr' id='par_1_13' title="bbox 118 3253 1143 3608">
     <span class='ocr_line' id='line_1_30' title="bbox 200 3253 1142 3328; baseline 0.003 -19"><span class='ocrx_word' id='word_1_189' title='bbox 200 3263 213 3309; x_wconf 97' lang='grc'>1</span> <span class='ocrx_word' id='word_1_190' title='bbox 239 3271 293 3323; x_wconf 88' lang='lat' dir='ltr'>que</span> <span class='ocrx_word' id='word_1_191' title='bbox 311 3271 361 3308; x_wconf 86' lang='lat' dir='ltr'>om.</span> <span class='ocrx_word' id='word_1_192' title='bbox 378 3258 399 3313; x_wconf 73' lang='grc' dir='ltr'>α</span> <span class='ocrx_word' id='word_1_193' title='bbox 418 3257 427 3323; x_wconf 86' lang='grc' dir='ltr'>ΙΙ</span> <span class='ocrx_word' id='word_1_194' title='bbox 448 3260 464 3307; x_wconf 75' lang='lat'>2</span> <span class='ocrx_word' id='word_1_195' title='bbox 489 3253 663 3323; x_wconf 70' lang='lat' dir='ltr'>comlm)unis</span> <span class='ocrx_word' id='word_1_196' title='bbox 682 3256 705 3309; x_wconf 80' lang='lat' dir='ltr'>d</span> <span class='ocrx_word' id='word_1_197' title='bbox 728 3253 804 3307; x_wconf 71' lang='lat' dir='ltr'>ibus</span> <span class='ocrx_word' id='word_1_198' title='bbox 823 3253 857 3314; x_wconf 66' lang='grc' dir='ltr'>α’</span> <span class='ocrx_word' id='word_1_199' title='bbox 873 3255 877 3325; x_wconf 77' lang='grc' dir='ltr'>Ι</span> <span class='ocrx_word' id='word_1_200' title='bbox 892 3253 1142 3328; x_wconf 81' lang='lat' dir='ltr'>periclitantisque</span> 
     </span>
     <span class='ocr_line' id='line_1_31' title="bbox 128 3324 1141 3398; baseline 0.003 -17"><span class='ocrx_word' id='word_1_201' title='bbox 128 3330 215 3381; x_wconf 82' lang='lat' dir='ltr'>011x</span> <span class='ocrx_word' id='word_1_202' title='bbox 228 3329 268 3395; x_wconf 70' lang='grc'>113</span> <span class='ocrx_word' id='word_1_203' title='bbox 287 3328 372 3394; x_wconf 87' lang='lat' dir='ltr'>atquc</span> <span class='ocrx_word' id='word_1_204' title='bbox 389 3325 496 3396; x_wconf 68' lang='lat' dir='ltr'>sarrya</span> <span class='ocrx_word' id='word_1_205' title='bbox 512 3328 516 3398; x_wconf 89' lang='grc' dir='ltr'>Ι</span> <span class='ocrx_word' id='word_1_206' title='bbox 531 3327 618 3380; x_wconf 86' lang='lat' dir='ltr'>uenta</span> <span class='ocrx_word' id='word_1_207' title='bbox 633 3326 667 3385; x_wconf 76' lang='grc' dir='ltr'>(1ι</span> <span class='ocrx_word' id='word_1_208' title='bbox 686 3327 789 3380; x_wconf 87' lang='lat' dir='ltr'>auenta</span> <span class='ocrx_word' id='word_1_209' title='bbox 803 3330 820 3377; x_wconf 82' lang='lat' dir='ltr'><strong>z</strong></span> <span class='ocrx_word' id='word_1_210' title='bbox 834 3328 873 3394; x_wconf 72' lang='lat' dir='ltr'>ll</span> <span class='ocrx_word' id='word_1_211' title='bbox 893 3324 1102 3385; x_wconf 87' lang='lat' dir='ltr'>delectauerint</span> <span class='ocrx_word' id='word_1_212' title='bbox 1120 3352 1141 3384; x_wconf 90' lang='grc' dir='ltr'><strong>ω</strong></span> 
     </span>
     <span class='ocr_line' id='line_1_32' title="bbox 126 3395 1143 3456; baseline 0.002 -2"><span class='ocrx_word' id='word_1_213' title='bbox 126 3415 196 3454; x_wconf 79' lang='lat' dir='ltr'>corr.</span> <span class='ocrx_word' id='word_1_214' title='bbox 213 3397 259 3453; x_wconf 75' lang='lat' dir='ltr'>oct</span> <span class='ocrx_word' id='word_1_215' title='bbox 276 3396 512 3452; x_wconf 85' lang='lat' dir='ltr'>deblateraverint</span> <span class='ocrx_word' id='word_1_216' title='bbox 526 3398 612 3452; x_wconf 80' lang='lat' dir='ltr'>Hertz</span> <span class='ocrx_word' id='word_1_217' title='bbox 631 3395 824 3451; x_wconf 88' lang='lat' dir='ltr'>dictitaverint</span> <span class='ocrx_word' id='word_1_218' title='bbox 838 3397 936 3452; x_wconf 75' lang='lat' dir='ltr'>Carrio</span> <span class='ocrx_word' id='word_1_219' title='bbox 950 3396 1143 3456; x_wconf 84' lang='lat' dir='ltr'>delibaverint</span> 
     </span>
     <span class='ocr_line' id='line_1_33' title="bbox 127 3467 1141 3541; baseline 0.001 -16"><span class='ocrx_word' id='word_1_220' title='bbox 127 3471 231 3525; x_wconf 68' lang='lat' dir='ltr'>tentata</span> <span class='ocrx_word' id='word_1_221' title='bbox 242 3471 252 3540; x_wconf 83' lang='grc' dir='ltr'>ΙΙ</span> <span class='ocrx_word' id='word_1_222' title='bbox 267 3474 300 3523; x_wconf 87' lang='grc'>10</span> <span class='ocrx_word' id='word_1_223' title='bbox 318 3471 409 3524; x_wconf 85' lang='lat' dir='ltr'>mater</span> <span class='ocrx_word' id='word_1_224' title='bbox 425 3484 471 3523; x_wconf 87' lang='lat' dir='ltr'>me</span> <span class='ocrx_word' id='word_1_225' title='bbox 490 3471 526 3522; x_wconf 88' lang='grc' dir='ltr'>Π</span> <span class='ocrx_word' id='word_1_226' title='bbox 535 3471 545 3538; x_wconf 94' lang='lat' dir='ltr'>l</span> <span class='ocrx_word' id='word_1_227' title='bbox 560 3473 593 3522; x_wconf 83' lang='grc'>13</span> <span class='ocrx_word' id='word_1_228' title='bbox 615 3484 660 3522; x_wconf 88' lang='lat' dir='ltr'>me</span> <span class='ocrx_word' id='word_1_229' title='bbox 680 3468 748 3522; x_wconf 87' lang='lat' dir='ltr'>codo</span> <span class='ocrx_word' id='word_1_230' title='bbox 768 3472 789 3527; x_wconf 75' lang='grc'>(1</span> <span class='ocrx_word' id='word_1_231' title='bbox 810 3467 903 3523; x_wconf 87' lang='lat' dir='ltr'>medio</span> <span class='ocrx_word' id='word_1_232' title='bbox 922 3471 1011 3538; x_wconf 73' lang='lat' dir='ltr'>zllss</span> <span class='ocrx_word' id='word_1_233' title='bbox 1032 3487 1101 3541; x_wconf 81' lang='lat' dir='ltr'>ergo</span> <span class='ocrx_word' id='word_1_234' title='bbox 1120 3491 1141 3539; x_wconf 71' lang='lat' dir='ltr'>a.</span> 
     </span>
     <span class='ocr_line' id='line_1_34' title="bbox 118 3540 344 3608; baseline 0.031 -19"><span class='ocrx_word' id='word_1_235' title='bbox 118 3540 172 3590; x_wconf 76' lang='lat' dir='ltr'>odr&#39;</span> <span class='ocrx_word' id='word_1_236' title='bbox 186 3555 240 3608; x_wconf 73' lang='lat' dir='ltr'>ego</span> <span class='ocrx_word' id='word_1_237' title='bbox 251 3541 344 3595; x_wconf 71' lang='lat' dir='ltr'>Bothe</span> 
     </span>
    </p>
   </div>
   <div class='ocr_carea' id='block_1_14' title="bbox 0 0 1224 3878">
    <p class='ocr_par' dir='ltr' id='par_1_14' title="bbox 0 0 1224 3878">
     <span class='ocr_line' id='line_1_35' title="bbox 0 0 1224 3878; baseline 0 0"><span class='ocrx_word' id='word_1_238' title='bbox 0 0 1224 3878; x_wconf 95' lang='lat' dir='ltr'> </span> 
     </span>
    </p>
   </div>
  </div>
 </body>
</html>
