2438 3878
146 184 189 248 30
584 183 717 251 numa

146 371 207 432 que
234 347 519 431 inpatientissimae
543 345 767 411 sollicitudinis
790 346 943 431 strepitus
967 348 1162 431 consilescit‚

144 459 248 521 neque
275 437 378 502 multo
407 436 512 500 minor
539 436 699 500 amendati
726 435 766 499 ad
793 437 952 501 nutricem
977 437 1073 501 aliam
1097 437 1160 502 filii

100 541 242 610 acquam
269 530 372 591 morte
399 525 509 588 amissi
537 524 697 589 obliviost.
741 522 847 608 Ipsius
873 546 1000 609 quoque
1023 526 1160 591 infantis

144 616 281 680 adfectio
305 615 417 697 animi,
442 614 570 697 amoris,
592 614 832 679 consuetudinis
854 614 890 677 in
912 637 949 679 ea
972 616 1049 698 sola,
1072 616 1160 680 unde

143 704 248 788 alitur,
272 708 447 787 occupatur
469 707 502 767 et
524 703 666 786 proinde,
689 706 726 767 ut
748 704 783 767 in
805 704 958 787 expositis
979 727 1040 768 usu
1059 705 1159 789 venit,
1188 730 1199 770 ⁶

143 794 269 875 matris,
295 815 375 877 quae
399 794 524 878 genuit,
545 814 649 876 neque
672 813 800 856 sensum
823 793 926 856 ullum
948 815 1053 875 neque
1076 795 1159 858 desi-

143 883 266 948 derium
303 882 396 965 capit.
451 879 501 946 Ac
536 885 706 965 propterea
738 881 929 946 oblitteratis
961 886 994 947 et
1025 883 1158 947 abolitis

142 972 269 1036 nativae
297 971 426 1055 pietatis
454 971 633 1053 elementis,
661 971 814 1053 quicquid
840 971 886 1035 ita
913 971 1039 1035 educati
1061 972 1158 1036 liberi

143 1082 249 1125 amare
281 1064 404 1144 patrem
432 1064 528 1144 atque
556 1064 690 1124 matrem
717 1060 879 1143 videntur,
911 1083 1061 1146 magnam
1088 1062 1157 1126 fere

143 1154 267 1233 partem
290 1171 356 1214 non
378 1149 533 1213 naturalis
556 1148 611 1213 ille
634 1169 725 1213 amor
747 1152 803 1232 est,
827 1150 882 1213 sed
905 1149 1008 1213 civilis
1031 1154 1064 1214 et
1088 1151 1197 1234 opi-10

142 1238 279 1304 nabilis?

97 1343 132 1390 24
208 1327 297 1392 Haeo
314 1327 544 1391 Favorinum
564 1327 721 1390 dicentem
740 1326 848 1390 audivi
863 1324 982 1391 Graeca
1002 1328 1155 1392 oratione.

142 1415 240 1481 Cuius
268 1416 441 1480 sententias
469 1415 648 1479 communis
675 1415 824 1479 utilitatis
853 1417 969 1501 gratia,
997 1421 1155 1500 quantum

140 1506 324 1570 meminisse
353 1504 458 1588 potui,
489 1504 613 1586 rettuli,
645 1504 854 1569 amoenitates
881 1526 957 1569 vero
985 1509 1017 1569 et
1045 1507 1155 1589 copias

140 1593 365 1676 ubertatesque
406 1593 578 1657 verborum
614 1591 729 1656 Latina
770 1595 874 1657 omnis
914 1595 1063 1659 facundia
1100 1598 1194 1661 vixis

142 1683 278 1767 quadam
310 1682 459 1765 indipisci
489 1681 645 1764 potuerit,
676 1703 747 1746 mea
773 1684 913 1747 tenuitas
941 1705 1154 1767 nequaquam.

630 1857 663 1924 Π

141 1981 221 2048 Quod
243 1983 375 2036 Annaeus
395 1981 500 2036 Seneca
522 1981 651 2035 iudicans
675 1982 710 2035 de
729 1980 760 2047 Q.
779 1981 870 2036 Ennio
893 1982 984 2052 deque
1002 1983 1038 2037 M.
1059 1983 1153 2038 Tullio

174 2055 230 2108 levi
248 2053 395 2120 futtilique
414 2052 519 2106 iudicio
537 2051 600 2106 fuit.

114 2198 128 2246 1
205 2180 254 2245 De
290 2179 446 2244 Annaeo
484 2177 625 2244 Seneca
666 2181 784 2263 partim
821 2182 1005 2246 existimant
1039 2187 1077 2246 ut
1114 2184 1193 2249 deso

140 2271 294 2354 scriptore
322 2270 454 2333 minime
480 2269 566 2353 utili,
594 2269 685 2333 cuius
711 2270 813 2335 libros
838 2271 1002 2356 adtingere
1025 2272 1151 2336 nullum

138 2360 277 2443 pretium
302 2379 415 2441 operae
439 2358 489 2441 sit,
512 2358 599 2441 quod
622 2359 724 2423 oratio
748 2359 816 2423 eius
838 2359 984 2445 vulgaria
1005 2361 1153 2426 videatur

139 2451 171 2512 et
197 2447 346 2531 protrita,
376 2469 426 2511 res
452 2450 549 2529 atque
577 2449 752 2512 sententiae
779 2452 835 2512 aut
862 2449 971 2532 inepto
998 2449 1152 2533 inanique

139 2537 262 2619 impetu
290 2536 355 2600 sint
381 2540 437 2601 aut
463 2536 527 2599 levi
552 2539 584 2600 et
608 2537 699 2619 quasi
723 2537 824 2601 dicaci
846 2539 984 2622 argutia,
1012 2539 1150 2603 eruditio

138 2629 245 2689 autem
264 2625 434 2689 vernacula
452 2629 484 2690 et
502 2624 628 2708 plebeia
645 2624 791 2708 nihilque
809 2647 849 2690 ex
864 2631 1007 2690 veterum
1022 2629 1150 2711 scriptis
1166 2650 1191 2691 as

138 2714 260 2779 habens
300 2735 404 2796 neque
440 2715 561 2799 gratiae
597 2735 701 2798 neque
738 2715 911 2800 diguitatis.
971 2716 1037 2779 Alii
1073 2738 1149 2781 vero

139 2804 315 2889 elegantiae
347 2803 476 2886 quidem
507 2803 541 2867 in
567 2803 672 2867 verbis
700 2825 813 2887 parum
841 2825 910 2868 esse
936 2826 1002 2868 non
1029 2806 1149 2870 infitias

138 3090 190 3138 128
209 3018 243 3066 20
253 3029 312 3082 sqq.
331 3013 434 3068 Fronto
450 3032 476 3083 p.
494 3018 544 3067 155
554 3030 609 3082 sq.;
628 3011 723 3067 224N.
850 3019 883 3067 26
894 3032 953 3084 sqq.
974 3013 1068 3080 Quint.
1084 3015 1109 3069 X
1125 3023 1148 3085 1,

200 3101 258 3153 sqq.

209 3286 224 3333 2
257 3280 417 3335 amandatio
446 3279 479 3332 0¹
510 3279 699 3334 commendati
724 3285 750 3332 x
782 3296 799 3335 a
826 3281 1013 3335 commendati
1042 3282 1126 3341 ου’
1139 3283 1149 3354 ll

137 3357 154 3405 4
168 3353 270 3405 amoris
285 3350 486 3406 consuetudine
500 3351 625 3405 Euanwr
637 3354 646 3420 ΙΙ
661 3357 694 3405 10
710 3350 814 3406 iciuilis
829 3357 847 3404 z
863 3356 867 3422 1
883 3352 1066 3423 inopinabilis
1082 3358 1125 3412 αὶ
1139 3357 1147 3423 ΙΙ

138 3427 171 3476 16
190 3422 329 3492 quaedam
348 3443 369 3474 ω
387 3439 455 3477 corr.
474 3423 600 3476 &aanor
622 3423 736 3490 quidem
754 3426 840 3492 cuii
858 3423 1002 3494 uulgarias
1020 3429 1064 3476 ΒΖ
1084 3425 1146 3479 uul-

128 3495 212 3559 3aris
232 3514 253 3545 ω
275 3510 343 3547 corr.
362 3493 432 3549 Jcr.
453 3495 463 3562 ΙΙ
484 3498 516 3546 23
540 3494 682 3562 protracta
705 3496 744 3565 (ct
766 3511 800 3549 en
821 3496 844 3566 t)
863 3500 884 3555 α
903 3499 913 3565 ΙΙ
934 3501 967 3549 24
991 3498 1075 3550 autc
1098 3499 1147 3550 aut

75 3568 98 3640 p
115 3561 155 3608 ut
168 3578 193 3608 ω
203 3565 219 3622 s
230 3579 255 3626 q.
278 3562 389 3617 dicacis
400 3569 429 3617 x
447 3564 616 3620 causidicali
637 3566 719 3640 Vopel
732 3569 739 3637 l
753 3566 865 3637 argutis
877 3571 922 3619 uz
