2438 3878
120 168 183 234 138
513 168 565 224 xv
583 174 612 238 a;
633 173 679 236 1⁰3
701 175 731 222 11

119 332 245 397 diceret.
297 330 359 397 Sed
392 353 465 396 cum
496 333 594 397 homo
626 333 752 397 voltum
781 332 985 417 intorqueret
1014 338 1051 399 ct
1078 357 1143 400 non

117 421 256 487 hisceret
288 425 320 486 et
351 423 474 486 colores
506 425 657 504 mutaret,
693 425 764 486 tum
796 443 856 507 ego
889 422 1068 488 intercessi
1099 428 1143 489 et:

119 510 222 575 ‘rade’
241 511 374 595 inquam
393 510 491 574 ‘nunc
509 515 541 574 et
559 510 677 575 habeto
696 511 736 575 ad
754 511 986 593 requirendum
1003 513 1142 600 triginta

74 616 106 664 11
119 600 199 685 dies3
222 603 395 684 postquam
417 599 585 683 inveneris,
607 602 732 684 repetes
755 599 836 664 nos’.
877 598 991 685 Atque
1017 602 1069 666 ita
1088 603 1142 668 ho

117 690 237 754 minem
264 689 347 753 nulli
373 689 420 753 rei
447 689 487 752 ad
514 689 730 774 indagandum
757 688 967 773 vocabulum,
997 712 1070 775 quo
1097 713 1170 760 res

118 778 276 843 scinderet
298 778 478 843 finitionem
500 779 623 861 fictam,
648 777 834 842 dimisimus.

608 954 639 1019 X

152 1075 194 1130 De
213 1076 371 1131 voluntario
391 1079 419 1130 et
438 1077 603 1131 admirando
622 1075 739 1132 interitu
757 1076 897 1148 virginum
916 1075 1110 1134 Milesiarum.

92 1223 106 1271 1
183 1202 416 1270 Plutarchus
439 1205 474 1268 in
496 1205 696 1287 librorum,
720 1225 801 1287 quos
824 1202 912 1288 περὶ
936 1215 1073 1291 ψυχῆς
1096 1209 1139 1272 in·

117 1293 259 1377 scripsit,
290 1295 413 1377 primo
446 1292 540 1377 (VII
551 1315 586 1375 p.
608 1297 653 1359 20
675 1292 799 1376 Bou),
831 1313 904 1356 cum
938 1295 979 1358 de
1014 1296 1138 1361 morbis
1150 1324 1167 1365 a

118 1381 286 1456 dissereret
317 1383 352 1447 in
381 1383 505 1447 animos
532 1382 701 1446 hominum
728 1381 959 1465 incidentibus,
992 1385 1138 1471 virgines

117 1471 199 1534 dixit
230 1470 350 1535 Milesii
381 1471 521 1535 nominis
554 1471 619 1535 fere
653 1474 734 1554 quot
764 1473 835 1535 tum
864 1471 900 1534 in
932 1494 972 1536 ea
1006 1473 1138 1540 civitate

116 1563 220 1642 erant,
255 1563 386 1643 repente
423 1560 492 1624 sine
527 1561 594 1624 ulla
631 1559 770 1625 evidenti
802 1581 898 1625 eausa
929 1560 1137 1629 voluntatem

118 1648 239 1731 cepisse
277 1648 440 1712 obeundae
477 1649 591 1713 mortis
627 1671 665 1714 ac
698 1648 810 1713 deinde
841 1649 1002 1732 plurimas
1039 1654 1136 1718 vitam

90 1737 289 1820 asuspendio
313 1738 465 1801 amisisse.
506 1735 545 1800 Id
568 1759 641 1802 cum
664 1738 821 1803 accideret
843 1738 879 1800 in
901 1737 971 1802 dies
991 1742 1163 1810 crebriusu

115 1847 219 1909 neque
256 1826 372 1890 animis
408 1848 515 1891 earum
553 1827 636 1891 mori
667 1827 940 1910 perseverantium
973 1831 1137 1897 medicina

116 1913 261 1979 adhiberi
284 1916 403 2000 quiret,
430 1914 607 1980 decrevisse
630 1915 788 1996 Milesios,
810 1918 847 1979 ut
869 1916 1033 2002 virgines,
1059 1942 1136 2004 quac

116 2004 305 2088 corporibus
333 2005 496 2089 suspensis
520 2006 705 2070 demortuae
728 2006 847 2089 forent,
874 2008 912 2068 ut
934 2004 999 2070 hae
1027 2029 1135 2074 onmes

115 2093 219 2158 nudae
238 2117 312 2160 cum
331 2094 442 2159 eodem
461 2095 586 2178 laqueo,
606 2115 670 2177 quo
689 2097 794 2158 essent
808 2093 1029 2181 praevinctae,
1050 2099 1136 2163 effer·

114 2185 233 2246 rentur.
270 2181 349 2247 Post
368 2184 401 2247 id
420 2184 581 2248 decretum
599 2182 740 2268 virgines
759 2183 977 2247 voluntariam
993 2192 1163 2254 mortems

114 2292 181 2335 non
198 2272 316 2355 petisse
335 2273 457 2355 pudore
473 2273 543 2337 solo
558 2272 725 2337 deterritas
739 2275 805 2336 tam
820 2270 987 2338 inhonesti
1001 2276 1135 2342 funeris

596 2447 644 2514 XI

114 2567 208 2622 Verba
235 2570 472 2624 senatusconsulti
500 2570 535 2625 de
563 2570 708 2641 exigendis
733 2570 803 2624 urbe
825 2570 916 2624 Roma
938 2571 1134 2645 philosophie

21 2643 22 2646 ’
150 2639 219 2693 item
241 2641 327 2694 verba
350 2641 436 2696 edicti
455 2658 613 2710 censorum,
636 2658 691 2710 quo
710 2641 854 2711 inprobati
873 2645 903 2697 et
921 2645 1045 2700 coerciti
1064 2650 1133 2714 sunt,

151 2710 411 2852 qouppeqiaaniplinam
439 2713 608 2767 rhetoricam
635 2713 781 2767 instituere
809 2716 839 2768 et
866 2730 997 2770 exercere
1028 2717 1162 2774 Romaea

89 2932 103 2980 1
182 2908 215 2974 O.
252 2908 375 2975 Fannio
417 2909 575 2977 Strabone
615 2911 659 2976 M.
695 2909 826 2976 Valerio
868 2911 1011 2979 Messala
1056 2939 1132 2985 coss.

114 3002 428 3065 senatusconsultum
457 3000 495 3065 de
518 3000 720 3085 philosophis
744 3003 776 3064 et
799 3001 838 3065 de
860 3001 1055 3072 rhetoribus
1078 3008 1132 3072 La

186 3215 270 3280 9sqq.
283 3210 357 3266 Plut.
368 3210 475 3265 mulier.
486 3211 548 3265 virt.
558 3229 585 3280 p.
597 3211 678 3265 249ss
752 3216 785 3265 27
800 3209 876 3267 Suet.
886 3213 958 3269 rhet.
972 3221 1029 3286 lp.
1043 3218 1130 3274 nou.

186 3413 217 3461 11
236 3407 377 3479 uirginem
395 3408 419 3461 d
440 3407 581 3478 virginum
599 3409 686 3462 Hertz
698 3410 708 3477 ΙΙ
723 3412 755 3461 17
776 3407 910 3474 quisisset
923 3412 1014 3468 chi
1034 3431 1081 3469 res
1094 3415 1131 3485 zu

107 3485 146 3531 19
159 3479 230 3551 quo]
243 3485 264 3532 1·
276 3496 326 3534 om.
342 3484 363 3540 0
377 3477 426 3549 qui
441 3499 462 3532 ω
476 3497 516 3534 aa
527 3477 615 3535 recte?
624 3479 829 3604 {praecinctae
844 3481 931 3563 (aenea
941 3483 1003 3552 0)st
1017 3487 1029 3554 ΙΙ
1044 3492 1080 3542 14
1092 3486 1130 3540 in.

90 3549 262 3614 probantur
274 3553 334 3623 Jln
348 3558 383 3608 26
403 3552 435 3609 et
449 3569 501 3610 orn.
518 3553 563 3624 (tl,
576 3555 612 3606 ‘28
649 3552 738 3605 amnis
752 3551 804 3605 oa.
817 3552 935 3619 Paqbaas
948 3555 1011 3608 coll.
1026 3558 1099 3613 Suet.
