2438 3878
534 191 631 246 xml
1045 193 1088 259 55

71 354 144 418 dem
167 358 246 438 puto
271 358 368 438 atque
390 355 424 418 id
446 356 586 420 maxime
609 357 850 440 requirendum,
879 378 942 440 qua
963 357 1089 421 ratione

72 444 188 507 dixerit
211 443 354 509 accidere
376 445 479 509 multa
504 445 690 509 humanitus
713 467 807 529 posse
831 450 958 528 praeter
976 446 1089 529 fatum,

70 531 198 615 quando
236 533 281 597 sio
316 533 398 597 ratio
431 537 463 597 et
496 533 572 598 ordo
605 538 637 598 et
669 534 892 618 insuperabilis
925 534 1081 617 quaedam

69 621 241 686 necessitas
264 621 324 685 fati
347 622 561 704 constituitur,
583 626 620 686 ut
643 624 751 687 omnia
773 625 857 687 intra
874 624 978 687 fatum
997 624 1081 687 olau-

42 710 173 779 adenda
201 711 278 793 sint,
304 710 368 774 nisi
395 711 476 775 iilud
504 733 579 776 sane
605 710 762 776 Homeri
790 716 916 777 secutus
944 716 992 777 est
1021 712 1079 794 (Π.

72 798 144 863 XX
154 799 246 882 336):

116 943 165 1024 μὴ
187 938 252 1006 καὶ
275 937 372 1025 ὑπὲρ
395 953 541 1026 μοῖραν
564 939 827 1026 δόμονἍιδος
850 944 1086 1027 εἰσαφίκηαι

72 1081 166 1148 Nihil
187 1087 295 1148 autem
314 1084 448 1148 dubium
466 1087 530 1167 est,
547 1085 627 1167 quin
644 1085 819 1149 violentam
838 1088 870 1150 et
888 1085 1116 1169 inopinatamu

73 1177 211 1237 mortem
235 1173 473 1258 significaverit,
497 1195 577 1257 quae
602 1173 730 1256 quidem
753 1177 860 1258 potest
882 1178 969 1238 reete
989 1173 1090 1238 videri

34 1289 60 1330 ιο
75 1261 218 1325 accidere
241 1266 368 1346 praeter
390 1265 547 1327 naturam.

143 1348 206 1415 Sed
229 1371 286 1415 our
309 1350 342 1414 id
365 1371 494 1434 quoque
513 1372 613 1436 genus
633 1351 745 1416 mortis
765 1355 855 1416 extra
872 1352 976 1416 fatum
995 1367 1116 1435 posu-4

75 1439 150 1522 erit,
175 1460 280 1524 neque
309 1440 414 1524 operis
442 1440 537 1504 huius
566 1445 614 1505 est
642 1441 808 1524 explorare
835 1462 939 1524 neque
968 1443 1090 1524 tempo·

73 1529 128 1592 ris.
182 1526 269 1593 Hlud
305 1532 413 1593 tamen
448 1550 515 1593 non
550 1529 868 1613 praetermittendum
905 1532 966 1612 est,
1003 1529 1116 1611 quode

74 1615 273 1701 Vergilius
303 1638 431 1700 quoque
458 1619 492 1682 id
518 1619 639 1702 ipsum,
666 1619 753 1701 quod
778 1615 927 1701 Cicero,
954 1618 992 1682 de
1020 1618 1088 1682 fato

34 1733 60 1774 ιι
76 1705 226 1789 opinatus
246 1710 303 1789 est,
322 1727 394 1771 oum
413 1706 476 1771 hoo
494 1708 528 1771 in
547 1711 682 1790 quarto
700 1707 802 1771 libro
822 1707 903 1772 dixit
922 1708 960 1772 de
974 1705 1089 1791 Elissa,

76 1816 159 1887 quae
182 1799 319 1859 mortem
342 1797 488 1879 pervim
511 1797 615 1880 potita
638 1799 687 1860 est
711 1795 765 1879 (A.
780 1795 938 1879 JV696):

120 1959 204 2001 nam
227 1938 317 2020 quia
339 1957 407 2002 neo
429 1938 509 2001 fato
533 1939 669 2002 merita
691 1959 759 2002 neo
782 1941 903 2001 morte
924 1937 1090 2022 peribat,

74 2083 242 2164 tamquam
273 2081 308 2143 in
334 2081 480 2145 faciendo
508 2080 572 2144 fine
598 2081 697 2162 vitae,
729 2101 810 2162 quae
837 2079 979 2143 violenta
1006 2083 1091 2161 sunt,

75 2189 144 2233 non
175 2169 343 2233 videantur
370 2190 388 2232 e
414 2169 481 2233 fato
509 2169 625 2232 venire.
674 2167 945 2232 Demosthenis
973 2171 1117 2250 autem,6

34 2285 62 2325 ao
76 2257 140 2321 viri
162 2258 332 2341 prudentia
354 2258 424 2342 pari
442 2262 539 2340 atque
556 2257 706 2321 faoundia
723 2256 869 2340 praediti,
891 2256 988 2320 verba
1007 2257 1091 2320 idem

76 2346 145 2410 fere
172 2346 387 2432 significantia
414 2347 452 2410 de
479 2350 594 2410 natura
616 2350 712 2429 atque
735 2347 802 2410 fato
826 2344 868 2409 M.
889 2343 1022 2410 Oieero
1046 2367 1092 2409 se

77 2438 171 2500 cutus
195 2436 329 2500 videtur.
369 2433 420 2500 Ita
443 2436 528 2499 enim
547 2435 703 2519 seriptum
721 2439 770 2499 est
788 2435 823 2498 in
841 2435 1017 2498 oratione
1035 2433 1092 2498 illa

77 2524 218 2678 egregia,
241 2525 293 2589 oui
315 2525 429 2589 titulus
453 2528 502 2588 est
523 2520 622 2608 ὑπὲρ
642 2523 840 2608 στεφάνου
860 2526 938 2607 (205
949 2545 981 2605 p.
995 2524 1091 2605 296):

72 2611 108 2677 ‘0
130 2637 154 2694 μ
180 2637 201 2677 ν
223 2624 307 2688 τοῖς
329 2621 490 2696 γονεῦσι
513 2614 681 2694 νομίζων
704 2615 827 2696 μόνον
849 2618 1091 2695 γενενῆσθαι

34 2729 61 2770 aa
76 2702 146 2767 τὸν
163 2710 231 2784 τῆς
251 2700 487 2787 εἱμαρμένης
504 2700 568 2766 καὶ
587 2702 655 2766 τὸν
674 2702 896 2785 αὐτόματον
914 2701 1091 2766 θάνατον

76 2788 293 2874 περιμένει·
326 2790 344 2855 ὁ
377 2787 418 2855 δὲ
450 2787 513 2855 καὶ
546 2800 589 2876 τῇ
621 2791 783 2876 πατρίδι
814 2787 911 2876 ὑπὲρ
943 2798 1012 2854 τοῦ
1043 2791 1091 2873 μὴ

76 2879 225 2961 ταύτην
248 2878 401 2944 ἐπιδεῖν
422 2879 694 2944 δουλεύουσαν
712 2876 983 2963 ἀποθνῄσκειν
1000 2881 1093 2961 βον-

77 2968 267 3033 λεύσεται.
328 2966 421 3044 Quod
457 2964 590 3032 Cicero
629 2968 750 3032 fatum
786 2971 882 3050 atque
918 2970 1119 3032 naturam?

76 3057 207 3121 ridetur
244 3057 374 3139 dixisse,
409 3057 443 3121 id
479 3058 582 3121 multo
620 3060 693 3120 ante
723 3055 1000 3120 Demosthenes
1032 3056 1093 3138 τὴν

153 3289 186 3338 16
206 3300 289 3338 earm
304 3282 390 3354 epigr.
406 3283 448 3338 ed.
463 3284 565 3338 Bueoh.
582 3285 625 3351 97,
640 3289 656 3338 8
742 3288 776 3336 20
794 3282 897 3337 Fronto
912 3301 940 3352 p.
957 3287 1014 3349 115,
1031 3281 1093 3347 7N,

154 3503 167 3552 1
184 3498 342 3552 admaxime
356 3499 401 3566 ‘5ss
416 3502 449 3552 14
468 3497 611 3553 ΝΟΜΙΖω
627 3518 648 3552 ω
662 3499 679 3584 tt·
687 3501 722 3552 11
741 3497 845 3644 min
858 3516 877 3589 p
888 3498 953 3567 1111
968 3495 1046 3547 Ὦ(
1054 3492 1129 3542 1κῇ-

81 3569 180 3624 ΕΕΤὰΙ
192 3573 215 3619 Ζ
228 3565 353 3634 ἐθελήσει
366 3569 455 3637 Deua,
476 3570 552 3628 wude
565 3572 633 3642 fort.
648 3572 697 3630 hae
712 3588 767 3629 aer.
802 3571 965 3638 ootooaauu
