2438 3878
149 186 212 250 116
603 185 667 238 XIV
685 191 702 238 3

146 349 341 414 retractandi
372 348 564 441 levandique
596 349 664 412 eius
695 349 801 432 operis
830 349 933 434 gratia
961 349 1072 413 virum
1102 349 1168 431 qui-

148 439 220 503 dem
249 436 367 521 Cyrum
399 459 540 524 gnavum
574 441 605 501 et
637 441 804 501 strenuum
835 437 935 501 fuisse
968 436 1091 502 dixerit
1120 437 1168 520 (de

148 527 219 610 lepp.
235 526 300 591 ΙΙΙ
309 532 352 591 12
361 549 394 608 p.
410 532 473 591 694
491 525 539 610 O),
560 527 711 602 παιδείας
731 523 767 597 bl
786 526 847 590 οὐκ
866 526 979 610 ὀρθῶς
998 520 1114 609 ἧφθαι
1133 527 1167 590 τὸ

147 616 316 701 nupciarum
347 614 427 680 haec
458 616 543 680 enim
570 615 668 679 verba
696 619 771 679 sunt
799 616 838 679 de
866 613 949 698 Syro
978 612 1167 680 Platonis.

122 724 137 771 5
214 703 383 769 Praeterea
415 708 531 788 putant
563 705 596 768 id
629 726 756 788 quoque
788 703 828 768 ad
860 705 934 786 ista,
973 724 1059 786 quae
1095 705 1195 786 dixis

148 794 310 877 accedere,
331 794 425 877 'quod
447 792 662 876 Xenophon
684 793 719 856 in
741 794 846 875 libris,
869 814 950 874 quos
975 793 1168 858 dictorum

148 887 263 966 atque
291 883 482 963 factorum
512 880 682 947 Socratis
711 881 1010 946 commentarios
1040 904 1169 967 compo

149 971 226 1055 suit,
259 970 519 1055 (meru.11,11)
548 975 644 1056 negat
674 969 859 1035 Socraten
890 971 929 1034 de
961 972 1045 1035 caeli
1074 976 1168 1055 atque

148 1065 280 1125 naturae
304 1061 407 1145 causis
430 1061 674 1142 rationibusque
697 1081 851 1143 umquam
874 1059 1109 1144 disputavisse,
1136 1082 1169 1125 ac

148 1172 188 1214 ne
217 1149 402 1233 disciplinas
429 1150 558 1232 quidem
582 1153 716 1231 ceteras,
745 1171 826 1232 quae
848 1149 1032 1232 μαθήματα
1058 1148 1194 1215 Graecis

149 1240 327 1323 appellant,
356 1260 436 1321 quae
465 1239 505 1302 ad
527 1239 609 1302 bene
631 1237 788 1320 beateque
810 1237 984 1301 vivendum
1009 1260 1081 1304 non
1104 1262 1168 1324 per-

149 1332 283 1413 gerent,¹
302 1331 358 1391 aut
381 1328 527 1413 attigisse
551 1331 607 1391 aut
630 1327 869 1410 comprobasse,
892 1326 1085 1412 idcircoque
1108 1333 1168 1393 tur·
1209 1344 1211 1351 '

149 1418 233 1500 piter
265 1438 320 1480 eos
351 1417 480 1480 mentiri
508 1415 600 1498 dicit,
632 1416 687 1498 qui
716 1416 955 1480 dissertationes
983 1415 1168 1482 istiusmodi

123 1504 301 1571 cSocrati
328 1504 555 1569 adtribuerent.
601 1503 685 1568 ‘Hoc
711 1506 829 1570 autem’
854 1504 1009 1587 inquiunt
1035 1506 1167 1572 ‘Xeno-

81 1639 90 1654 .
150 1593 252 1677 phon
289 1615 361 1658 cum
399 1594 540 1677 scripsit,
575 1592 776 1658 Platonem
808 1594 958 1658 videlicet
990 1600 1105 1680 notat,
1139 1597 1191 1660 ins

150 1683 240 1747 cuius
264 1681 355 1746 libris
376 1680 554 1747 Socrates
576 1683 709 1766 physica
728 1687 761 1748 et
779 1683 902 1747 musica
920 1686 953 1747 et
971 1687 1168 1768 geometrica

124 1771 297 1837 adissent?
345 1770 408 1835 Sed
435 1773 521 1836 enim
544 1772 583 1836 de
606 1772 683 1837 viris
707 1772 837 1856 optimis
861 1776 893 1836 et
916 1774 1125 1858 gravissimis
1146 1775 1168 1839 si

151 1859 342 1925 credendum
365 1860 427 1925 hoc
450 1865 506 1925 aut
529 1861 756 1945 suspicandum
774 1861 846 1944 fuit,
869 1882 1002 1925 causam
1023 1865 1167 1948 equidem

151 1971 219 2014 esse
241 1948 381 2014 arbitror
404 1972 469 2014 non
493 1949 734 2015 obtrectationis
758 1971 817 2015 nec
840 1949 981 2015 invidiae
1008 1975 1119 2038 neque
1136 1953 1167 2016 de

150 2039 254 2124 gloria
281 2039 401 2104 maiore
428 2038 581 2123 parienda
609 2041 808 2123 certationis,
835 2038 915 2103 haec
943 2041 1035 2105 enim
1060 2042 1189 2126 procule

150 2150 169 2191 a
202 2128 348 2192 moribus
383 2127 608 2212 philosophiae
639 2127 769 2211 absunt,
805 2129 840 2191 in
871 2128 990 2210 quibus
1026 2131 1080 2196 illi
1113 2133 1166 2196 duo

152 2218 295 2280 omniurn
313 2218 431 2282 iudicio
451 2218 677 2281 excelluerunt.
715 2216 803 2294 Quae
821 2217 923 2302 igitur
941 2221 992 2282 est
1008 2221 1166 2304 opinionis

125 2306 244 2369 aistius
280 2306 385 2370 ratio?
438 2305 528 2370 Haec
563 2307 708 2389 profecto
746 2310 806 2370 est:
843 2306 1072 2390 aequiperatio
1106 2312 1167 2394 ipsa

152 2395 340 2477 plerumque
361 2398 394 2458 et
411 2396 555 2478 parilitas
574 2396 731 2459 virtutum
749 2396 834 2459 inter
852 2415 920 2458 sese
940 2399 1166 2479 consimilium,

153 2483 278 2546 etiamsi
297 2485 511 2547 contentionis
531 2484 672 2548 studium
692 2489 723 2548 et
742 2486 891 2548 voluntas
907 2483 1012 2568 abest,
1033 2490 1187 2572 speciant

126 2577 261 2636 stamen
284 2572 507 2635 aemulationis
531 2577 624 2637 creat.
665 2571 750 2636 Nam
770 2594 843 2637 cum
861 2573 994 2658 ingenia
1015 2578 1166 2659 quaedam

153 2681 270 2745 magna
302 2659 438 2724 duorum
470 2662 651 2744 pluriumve
680 2662 715 2725 in
742 2662 883 2725 eiusdem
910 2663 958 2726 rei
988 2666 1102 2731 studio
1128 2667 1165 2730 in·

152 2750 303 2813 lustrium
326 2752 382 2813 aut
404 2751 474 2833 pari
497 2755 572 2814 sunt
594 2751 680 2814 fama
704 2755 759 2815 aut
780 2751 937 2834 proxima,
961 2754 1072 2820 oritur
1090 2751 1165 2840 apud

153 2837 295 2901 diversos
326 2838 480 2902 favisores
514 2860 624 2903 eorum
656 2839 831 2904 industriae
862 2839 1040 2924 laudisque
1073 2849 1165 2910 aestu·

111 2943 143 2992 10
153 2927 287 2991 mandas
320 2928 491 2991 contentio.
542 2927 623 2993 Tum
653 2933 766 3012 postea
793 2951 832 2993 ex
859 2929 966 2992 alieno
998 2935 1183 3000 certamimis

153 3016 194 3079 ad
226 3037 280 3079 eos
312 3037 440 3099 quoque
471 3018 561 3100 ipsos
590 3019 775 3102 contagium
803 3018 992 3084 certationis
1023 3023 1163 3110 adspirat,

226 3188 360 3258 roras

227 3356 240 3403 1
264 3350 327 3417 fort.
347 3351 525 3405 detractandi
544 3350 727 3420 elevandique
744 3353 747 3424 1
764 3352 853 3422 gratis
872 3355 923 3423 (111
943 3361 959 3407 2
978 3375 1058 3413 naue
1078 3360 1112 3420 αἱ
1124 3356 1162 3428 let

154 3421 274 3476 suissed
287 3424 296 3490 11
312 3428 343 3475 11
358 3423 549 3492 pertingerent
563 3423 661 3476 Traller
674 3425 683 3492 11
699 3428 731 3476 14
745 3423 870 3491 inquito
883 3428 893 3494 11
908 3431 942 3480 16
956 3427 994 3482 de
1004 3426 1161 3500 physicoyl

144 3497 185 3544 17
205 3492 330 3546 deuictis
352 3493 410 3554 0¹2
432 3497 443 3564 11
465 3499 498 3548 21
523 3508 543 3547 a
563 3493 716 3548 maioribus
735 3496 812 3549 (1οΧ
835 3497 845 3564 1
868 3503 901 3550 22
927 3501 1117 3559 excelluerint
1131 3498 1160 3565 11

19 3552 28 3649 1
132 3566 171 3614 29
189 3580 233 3616 an
249 3563 429 3621 inlustriae?
