2438 3878
142 185 184 248 32
605 186 690 240 XH2

141 348 223 412 dam
250 348 326 411 fuit
354 349 627 432 suaviloquens
655 350 889 432 iucunditas,
917 353 949 414 et
977 349 1064 432 quod
1091 351 1158 413 alio

141 438 175 500 in
197 438 270 501 loco
294 438 409 502 dixerit
427 439 533 520 (abd.):
556 438 907 521 breviloquentiam
930 439 968 503 in
992 438 1158 503 dicendo

115 528 251 591 coolat.
301 525 409 609 Atque
439 527 485 591 ibi
511 528 610 591 homo
638 532 778 613 nugator
806 526 1002 592 Ciceronis
1031 549 1158 592 errores

141 616 329 699 deprecatur
342 620 387 680 et:
406 639 479 681 non
497 616 574 680 fuit
587 617 693 700 inquit
708 616 904 681 Ciceronis
917 616 989 681 hoo
1003 617 1159 699 vitium,

141 706 205 769 sed
232 706 430 788 temporis:
458 728 614 771 necesso
641 709 723 770 erat
745 706 837 770 haec
861 706 950 789 dici,
979 727 1060 769 curn
1086 707 1158 770 illa
1185 729 1196 769 1

71 826 72 830 ¹
115 796 368 880 elegerentur.
413 793 537 859 Deinde
560 795 713 859 adscribit
736 793 956 859 Ciceronem
979 794 1058 859 haec
1084 796 1158 879 ipsa

141 884 369 967 interposuisse
396 884 436 947 ad
464 884 678 969 effugiendam
705 885 871 949 infamiam
896 885 993 948 nimis
1016 885 1158 949 lascivae

141 973 294 1036 orationis
318 976 349 1036 et
371 974 499 1038 nitidae.

98 1079 131 1127 10
207 1061 255 1125 De
283 1061 459 1147 Vergilio
492 1084 621 1147 quoque
650 1064 762 1126 eodem
790 1063 824 1126 in
850 1064 922 1127 loco
950 1062 1047 1126 verba
1075 1061 1158 1126 haec

141 1152 246 1234 ponit:
260 1148 458 1237 Vergilius
478 1173 627 1236 quoque
645 1155 777 1216 nostor
794 1174 870 1215 non
887 1173 931 1215 ex
949 1152 1025 1215 alia
1040 1171 1157 1216 causa
1172 1175 1195 1215 10

142 1239 255 1304 duros
288 1242 470 1323 quosdam
502 1263 634 1305 versus
666 1245 703 1305 et
735 1262 906 1305 enormes
939 1244 975 1304 et
1004 1240 1158 1323 aliquid

141 1352 255 1413 supra
287 1352 499 1394 mensuram
532 1329 723 1394 trahentis
755 1329 1005 1414 interposuit,
1042 1351 1156 1412 quam

140 1422 181 1482 ut
201 1418 398 1507 Ennianus
422 1421 590 1503 populus
613 1419 867 1504 adgnosceret
889 1421 929 1483 in
951 1440 1049 1483 novo
1075 1440 1156 1483 oar·

141 1507 240 1571 mine
263 1508 411 1590 aliquid
435 1508 691 1590 antiquitatis

97 1615 128 1663 11
208 1594 271 1659 Sed
301 1597 366 1659 iam
398 1597 569 1660 verborum
602 1596 766 1662 Senecae
798 1599 900 1682 pigot:
933 1598 1013 1661 haec
1044 1600 1157 1662 tamen
1171 1620 1192 1660 11

140 1685 242 1768 inepti
269 1689 301 1748 et
328 1686 469 1749 insubidi
495 1685 636 1751 hominis
659 1687 731 1751 ioca
753 1708 820 1750 non
841 1687 1036 1770 praeteribo:
1065 1685 1156 1762 Qui-

141 1773 222 1837 dam
259 1778 348 1838 sunt
383 1773 440 1857 inq
466 1775 489 1838 ‘t
525 1779 601 1839 tam
632 1776 760 1861 magni
793 1797 925 1839 sensus
958 1773 992 1850 Q.
1022 1771 1156 1858 Ennii,

139 1867 193 1947 ut,
229 1863 323 1926 licet
359 1865 496 1948 scripti
533 1865 611 1928 sint
644 1865 745 1929 inter
775 1863 965 1946 hircosos,
1001 1865 1157 1947 possint

140 1956 266 2016 tamen
288 1953 389 2016 inter
411 1957 670 2038 unguentatos
694 1956 859 2037 placere3
883 1957 929 2035 et,
952 1974 1024 2017 cum
1047 1976 1156 2038 repre·
1188 1977 1191 1982 ·

139 2042 302 2105 hendisset
323 2064 443 2125 versus,
466 2064 546 2125 quos
570 2065 666 2126 supra
687 2044 725 2107 de
744 2041 864 2128 Cetego
883 2043 1064 2126 posuimus:
1089 2044 1156 2127 qui
1170 2067 1193 2105 a

139 2130 404 2195 huiuscemodi
436 2132 542 2215 inquit
573 2154 704 2196 versus
731 2136 871 2215 amant,
902 2133 1051 2214 liqueat
1079 2133 1156 2197 tibi

141 2220 290 2284 eosdem
313 2222 494 2284 admirari
518 2226 553 2286 et
578 2219 743 2285 Soterici
766 2223 897 2285 lectos.

97 2326 129 2375 12
206 2308 332 2393 Dignus
365 2332 440 2374 sane
468 2308 609 2375 Seneca
641 2311 787 2375 videatur
814 2311 951 2374 lectione
979 2329 1017 2372 ac
1045 2311 1155 2374 studio

140 2397 400 2481 adulescentium,
423 2400 479 2481 qui
501 2399 656 2463 honorem
680 2401 882 2482 coloremque
900 2399 1017 2462 veteris
1037 2400 1156 2462 oratio-

140 2486 190 2549 nis
219 2482 353 2549 Soterici
384 2488 475 2552 lectis
508 2488 701 2571 compararit
733 2489 824 2571 quasi
851 2489 1002 2551 minimae
1030 2489 1191 2552 sciliceta

97 2593 130 2641 13
140 2575 261 2660 gratiae
289 2579 321 2638 et
346 2577 466 2639 relictis
494 2577 558 2639 iam
586 2577 850 2660 contemptisque.
896 2574 1018 2639 Audias
1043 2580 1155 2640 tamen

141 2665 383 2727 commemorari
415 2685 452 2728 ac
483 2665 594 2729 referri
624 2687 726 2749 pauca
756 2665 924 2748 quaedam,
957 2686 1040 2747 quae
1067 2665 1154 2730 idem

140 2753 209 2836 ipse
237 2751 378 2817 Seneca
410 2754 491 2817 bene
521 2754 649 2836 dixerit,
681 2755 775 2837 quale
802 2757 850 2818 est
877 2754 970 2837 illud,
1003 2755 1092 2836 quod
1120 2756 1155 2818 in

139 2841 303 2906 hominem
339 2865 470 2906 avarum
507 2846 539 2906 et
575 2844 703 2907 avidum
741 2848 773 2907 et
803 2845 957 2927 pecuniae
989 2844 1153 2907 sitientem

141 2931 234 2994 dixit:
259 2930 356 3007 Quid
374 2933 472 2995 enim
491 2931 623 3015 refert,
642 2938 824 3016 quantum
842 2932 1004 2996 habeas?
1027 2934 1153 2997 multo
1167 2955 1190 2995 so

97 3019 238 3084 14illud
269 3020 355 3103 plus
388 3025 458 3103 est,
490 3023 589 3103 quod
620 3044 695 3086 non
726 3022 850 3086 habes.
905 3021 1034 3085 Benene
1066 3021 1153 3087 hoc‘?

140 3109 221 3173 bene
244 3130 331 3192 sane,
355 3110 410 3173 sed
433 3111 683 3174 adulescentium
701 3111 841 3175 indolem
860 3132 926 3174 non
944 3115 1011 3175 tarn
1029 3112 1154 3194 iuvant,

141 3219 222 3280 quae
249 3197 330 3261 bene
358 3199 443 3262 diota
470 3204 557 3282 sunt,
585 3222 681 3283 quam
709 3201 869 3283 inficiunt,
897 3222 979 3283 quae
1003 3202 1153 3284 pessime,

212 3359 244 3406 re
263 3356 295 3408 ut
313 3318 363 3410 ab.
381 3358 473 3425 1111
493 3359 588 3411 tamen
607 3356 657 3429 <a

698 3359 789 3412 Hense
805 3358 809 3429 1
824 3357 1072 3426 reprehendissent
1086 3363 1130 3410 ΒΖ
1150 3359 1153 3429 1

140 3430 172 3478 21
188 3425 315 3494 liqueant
329 3428 380 3481 dx
392 3428 395 3499 1
408 3428 463 3481 sibi
478 3448 498 3480 ω
512 3445 580 3482 corr.
597 3430 644 3483 Gr.
665 3431 669 3498 1
684 3435 717 3482 23
735 3429 869 3498 Indignus
884 3429 928 3484 St.
942 3429 1024 3500 111116
1039 3447 1091 3484 om.
1107 3432 1130 3485 δ
1143 3433 1152 3498 ΙΙ

134 3501 168 3546 31
177 3496 335 3568 1311611113
349 3499 421 3553 bene
430 3504 549 3570 neqnez
563 3500 634 3554 bene
644 3520 665 3553 ω
679 3503 688 3569 11
703 3506 735 3553 32
746 3501 817 3555 bene
826 3501 935 3572 sane]B
948 3516 1015 3554 sane
1024 3502 1098 3556 bene
1108 3523 1129 3555 a
1143 3504 1152 3570 11

117 3567 156 3610 33
166 3569 267 3636 pesa]
280 3570 475 3636 sepr'ssr'med
