2460 3878
140 177 204 242 154
555 175 606 231 xv
625 181 671 242 2⁷3
691 179 724 229 aa

137 362 177 404 ex
213 340 398 425 regionibus
435 343 467 404 et
501 339 595 422 locis,
632 339 790 422 ‘tributa'3
827 337 1002 402 centuriata
1038 341 1146 400 autem

137 429 267 494 comitia
298 430 382 494 intra
414 429 593 512 pomerium
624 428 694 491 fieri
725 428 814 492 nefas
842 447 923 510 esse,
955 426 1032 509 quia
1060 442 1148 490 exer-

136 520 236 583 citum
259 522 349 582 extra
371 517 483 582 urbem
507 517 657 601 imperari
676 520 831 601 oporteat,
854 516 938 580 intra
957 515 1069 579 urbem
1089 515 1147 578 im-

136 608 241 692 perari
272 608 323 671 ius
354 628 420 670 non
452 607 502 670 sit.
551 605 725 690 Propterea
757 605 934 670 centuriata
964 604 999 667 in
1032 625 1147 687 campo

136 696 252 761 Martio
285 695 396 760 haberi
428 695 666 778 exercitumque
696 694 846 779 imperari
873 693 1024 777 praesidii
1051 714 1149 757 causa
1175 720 1186 760 s

137 787 281 868 solitum,
309 784 461 868 quoniam
489 785 627 867 populus
654 788 738 848 essct
764 785 799 848 in
824 781 984 869 suffragiis
1006 782 1148 846 ferendis

137 875 331 959 occupatus?

573 977 714 1043 XXVHI

137 1102 217 1168 Quod
237 1102 340 1156 erravit
359 1099 501 1155 Cornelius
520 1099 627 1169 Nepos,
651 1117 715 1154 cum
734 1098 847 1168 scripsit
865 1098 1025 1153 Ciceronem
1043 1101 1101 1152 tres
1121 1101 1149 1152 et

170 1173 272 1242 viginti
291 1190 378 1227 annos
397 1175 495 1226 natum
514 1188 627 1226 oausam
646 1188 696 1240 pro
716 1170 798 1224 Sexto
817 1170 918 1224 Roscio
938 1170 1051 1224 dixisse.
1162 1186 1185 1224 ro

111 1319 125 1366 1
204 1299 406 1365 Cornelius
437 1299 566 1383 Nepos
599 1303 631 1363 et
662 1321 769 1363 rerum
800 1297 972 1363 memoriae
1003 1318 1070 1361 non
1102 1297 1149 1360 in·

137 1391 273 1476 diligens
301 1393 333 1454 et
355 1389 397 1452 M.
422 1387 618 1453 Ciceronis
645 1392 683 1451 ut
710 1388 765 1471 qui
792 1388 932 1451 maxime
959 1387 1080 1450 amicus
1104 1386 1149 1449 fa-

110 1479 269 1543 rmiliaris
297 1479 368 1542 fuit.
413 1477 521 1560 Atque
548 1477 576 1540 is
602 1481 712 1541 tamen
738 1477 773 1540 in
799 1475 987 1540 librorum
1011 1475 1149 1558 primo,

137 1588 217 1650 quos
241 1567 284 1631 de
307 1568 387 1630 vita
410 1565 519 1629 illius
538 1566 729 1649 composuit,
747 1564 801 1647 (fr.
816 1571 836 1630 1
850 1564 904 1648 P.)
924 1586 1045 1629 errasse
1063 1563 1148 1628 vide·

136 1659 203 1738 tur,
234 1677 308 1720 cum
341 1676 413 1718 eum
446 1654 574 1737 scripsit
605 1657 669 1718 tres
702 1657 735 1718 et
764 1655 881 1740 viginti
908 1674 1008 1718 annos
1035 1656 1148 1717 natum
1162 1679 1183 1720 a

135 1744 277 1828 primum
305 1765 433 1808 causam
461 1743 572 1807 iudicii
593 1743 716 1826 publici
739 1743 843 1829 egisse
867 1741 1064 1825 Sextumque
1087 1741 1149 1805 Ro·

109 1833 238 1898 ascium
260 1832 424 1917 parricidii
446 1854 537 1895 reum
561 1831 746 1896 defendisse.
787 1830 1006 1896 Dinumeratis
1029 1831 1149 1914 quippe

135 1922 227 1986 annis
251 1944 271 1985 a
294 1919 329 1997 Q.
354 1920 514 2004 Caepione
537 1924 570 1985 et
593 1919 628 1997 Q.
653 1918 798 2004 Serrano,
823 1921 940 2004 'quibus
964 1920 1149 1984 consulibus

136 2016 210 2076 ante
246 2011 330 2075 diem
363 2011 495 2075 tertium
526 2008 637 2074 Nonas
668 2008 791 2074 Ianuar.
819 2009 862 2073 M.
891 2007 1022 2073 Cicero
1054 2012 1149 2072 natus

139 2104 201 2183 est,
228 2099 268 2163 ad
290 2099 332 2163 M.
356 2098 498 2164 Tullium
521 2101 554 2163 et
579 2097 634 2163 Cn.
657 2098 874 2181 Dolabellam,
897 2098 1014 2182 quibus
1038 2119 1185 2162 consu-so

137 2189 223 2253 libus
257 2210 386 2253 causam
417 2189 575 2272 privatam
604 2209 663 2272 pro
691 2186 841 2264 Quinctio
869 2187 955 2271 apud
981 2185 1151 2270 Aquilium

141 2275 269 2341 Gallum
293 2278 431 2342 iudicem
454 2278 549 2359 dixit,
571 2299 627 2341 sex
650 2280 685 2340 et'
704 2277 820 2362 viginti
843 2277 919 2340 anni
941 2275 1150 2359 reperiuntur.

138 2365 252 2449 Neque
290 2365 423 2430 dubium
459 2369 522 2447 est,
563 2366 642 2448 quin
676 2369 751 2450 post
786 2387 919 2448 annum,
959 2386 1056 2449 quam
1091 2385 1150 2448 pro

140 2452 290 2529 Quinctio
315 2453 451 2536 dixerat,
475 2452 546 2518 Sex.
570 2453 723 2518 Roscium
745 2476 835 2519 reum
858 2453 1021 2538 parricidii
1045 2453 1151 2517 defen·

139 2541 222 2607 derit
249 2563 350 2606 annos
377 2543 441 2606 iam
469 2547 592 2627 septem
620 2546 716 2626 atque
742 2543 859 2628 viginti
883 2545 978 2607 natus
1001 2541 1037 2606 L.
1061 2540 1151 2606 Sulla
1164 2566 1186 2606 a

144 2630 250 2696 Felice
272 2629 312 2696 IL
336 2629 371 2706 Q.
394 2630 524 2696 Metello
547 2631 605 2695 Pio
629 2631 823 2697 consulibus.

109 2738 127 2786 4
210 2718 249 2783 In
276 2741 340 2802 qua
364 2741 398 2783 re
421 2720 518 2784 etiam
540 2719 795 2785 Fenestellam
819 2721 873 2803 (fr.
892 2725 934 2784 17
952 2718 1005 2802 P.)
1030 2741 1151 2784 errasse

138 2808 328 2874 Pedianus
360 2806 549 2873 Asconius
581 2809 624 2891 Q).
651 2809 723 2873 XV
740 2807 881 2893 K.·Scla)
918 2809 1152 2890 animadvertit,

139 2898 226 2981 quod
253 2919 326 2962 eum
354 2897 517 2982 scripserit
545 2902 635 2962 sexto
663 2898 815 2962 vicesimo
843 2898 957 2962 aetatis
985 2919 1069 2962 anno
1093 2919 1151 2981 pro

212 3096 242 3143 11
255 3107 313 3157 sqq.
334 3088 408 3144 Suet.
423 3089 456 3143 fr.
473 3095 505 3143 51
517 3107 556 3157 sq.
569 3089 601 3143 R.

210 3273 224 3320 2
245 3267 323 3340 quia]
344 3266 378 3327 α’
400 3267 450 3335 qui
468 3289 489 3320 ω
507 3271 516 3338 11
537 3271 567 3320 11
589 3266 709 3338 diligens
728 3273 746 3320 z
764 3269 773 3337 11
794 3274 826 3321 12
845 3266 1050 3336 familiarisque
1068 3270 1133 3322 ΗΠ
1143 3268 1153 3339 11

140 3343 173 3392 13
192 3340 298 3412 tamen]
316 3355 378 3392 cnm
392 3344 410 3390 z
424 3342 433 3408 11
449 3345 481 3392 14
499 3354 582 3406 quem
598 3355 686 3408 comp.
703 3342 737 3393 11
752 3343 755 3409 1
771 3339 861 3409 ipsius
875 3344 893 3391 z
907 3342 916 3408 11
932 3344 964 3393 16
983 3339 1154 3424 ρτίωυω1α

140 3410 259 3480 primam
279 3432 299 3463 ω
313 3412 322 3480 11
338 3415 370 3464 18
389 3413 463 3479 aque
482 3411 505 3464 δ
528 3412 613 3477 atque
633 3409 778 3479 1111119
797 3409 957 3464 ianuarium
972 3415 993 3470 α
1010 3411 1153 3465 ianuaria-

138 3499 200 3535 rum
215 3504 235 3535 ω
250 3481 373 3536 ianuarii
386 3498 406 3536 e.
421 3481 476 3534 -ias
491 3497 507 3534 σ
520 3484 529 3550 11
543 3487 576 3534 26
590 3481 623 3534 11.
638 3487 752 3535 oculu
766 3481 841 3551 in(?)
854 3481 887 3534 0¹
900 3481 988 3535 hiiH
1000 3485 1005 3552 1
1021 3483 1154 3550 quintoli

133 3554 187 3617 qui
203 3556 268 3606 le
292 3552 341 3623 qui
345 3551 450 3625 11111111
468 3557 554 3621 quez
571 3554 575 3622 1
592 3553 686 3622 co(n)s.
702 3556 742 3608 sic
757 3555 813 3621 fere
827 3573 848 3606 ω
866 3555 875 3623 11
894 3558 927 3606 29
946 3553 1154 3624 inscripseritz
