2438 3878
516 187 593 243 XVII
611 193 627 242 ὅ
1015 188 1078 252 199

61 350 224 415 beneficos
246 351 458 435 liberalesque
481 352 590 434 adid,
613 352 701 435 quod
723 351 762 415 de
785 352 926 416 amicitia
949 346 1079 435 quaeress

60 443 160 522 retur,
184 439 275 523 qimai
298 445 524 526 argumentum
548 442 771 524 exemplumve
794 441 878 505 sumi
901 461 967 505 non
985 462 1077 525 opor-

61 533 143 593 tere:
168 529 303 593 ‘eodem'
328 530 434 612 inquit
453 530 636 594 ‘simulacro
656 530 828 612 eademque
848 531 981 595 rationis
1001 532 1077 594 ima

62 618 138 702 gine
166 618 307 682 amicitia
333 619 471 683 invicem
499 640 558 702 pro
582 623 771 704 argumento
794 620 880 701 sumi
903 622 1023 702 potest,
1051 621 1078 684 si

34 707 137 789 equis
165 707 313 772 adfirmet
339 707 485 773 homines
512 707 673 772 beneficos
700 707 912 790 liberalesque
935 730 1003 772 esse
1027 708 1078 772 de-

63 795 140 860 bere
171 817 238 860 non
265 818 321 881 spe
349 797 457 879 aliqua
484 797 668 881 conpendii,
701 800 749 861 set
775 818 884 862 amore
912 800 944 862 et
971 797 1077 861 studio

61 884 249 949 honestatis.
286 882 411 950 Poterit
429 886 514 950 enim
531 885 742 951 consimiliter
755 885 801 949 ita
815 886 932 950 dicere:
952 884 1078 950 “Nam-
1107 902 1121 950 7

64 995 126 1056 que
154 977 191 1037 ut
218 974 393 1038 amicitiam
420 997 487 1039 non
514 997 571 1058 spe
595 976 745 1039 utilitatis
768 976 1005 1059 amplectimur,
1033 977 1078 1039 sic

63 1063 200 1127 benefici
231 1063 443 1146 liberalesque
475 1084 541 1127 non
570 1065 692 1149 gratiae
719 1063 944 1148 reciperandae
971 1065 1077 1129 studio

22 1180 49 1220 ro
63 1173 132 1215 esse
160 1151 349 1217 debemus.''
398 1152 522 1217 Poterit
550 1153 637 1216 sane'
664 1153 770 1235 inquit
798 1153 855 1217 ‘ita
878 1153 995 1236 dicere,
1023 1152 1079 1218 sed
1105 1169 1122 1218 8

62 1261 167 1323 neque
199 1241 341 1307 amicitia
369 1241 557 1306 liberalitati
583 1262 688 1324 neque
714 1242 890 1306 liberalitas
918 1242 1078 1306 amicitiae

61 1329 215 1413 praebere
242 1335 467 1416 argumentum
493 1334 614 1414 potest,
642 1353 715 1395 cum
738 1330 777 1395 de
800 1335 936 1414 utraque
959 1331 1079 1415 pariter

63 1420 256 1502 quaeratur!

130 1505 219 1572 Haec
242 1509 297 1572 ille
319 1507 497 1574 rhetoncus
520 1509 637 1573 artifex
660 1509 764 1573 dicere
784 1509 973 1592 quibusdam
992 1509 1077 1574 vide·
1106 1525 1121 1574 9

23 1625 48 1665 rs
62 1596 159 1660 batur
190 1598 292 1681 perite
322 1601 355 1662 et
382 1599 530 1681 scienter,
563 1598 618 1662 sed
644 1598 793 1662 videlicet
821 1620 894 1662 eum
921 1599 1078 1663 vocabula

61 1707 169 1750 rerum
202 1708 278 1750 vera
306 1687 511 1772 ignoravisse.
561 1686 646 1751 Nam
674 1687 891 1751 beneficum
919 1691 955 1752 et
981 1688 1122 1752 libe-10

61 1775 180 1838 ralem
201 1773 333 1840 Cicero
353 1777 503 1860 appellat,
525 1777 571 1840 ita
588 1780 625 1840 ut
643 1775 829 1860 philosophi
848 1777 1075 1860 appellandum

62 1885 131 1929 esse
160 1869 304 1948 censent,
334 1885 401 1929 non
427 1887 514 1949 eum,
542 1865 612 1947 qui,
639 1869 676 1929 ut
697 1866 771 1949 >ipse
798 1865 856 1947 ait,
884 1866 1075 1930 beneficia

61 1953 297 2037 faeneratur,
321 1954 376 2018 sed
399 1955 455 2037 qui
477 1954 616 2040 benigne
633 1954 712 2018 facit
729 1955 819 2018 nulla
836 1955 934 2018 tacita
951 1955 1075 2018 ratione

22 2043 104 2110 read
131 2042 288 2107 utilitates
316 2064 389 2107 suae
414 2044 619 2108 redundante.
665 2042 742 2107 Non
764 2064 840 2128 ergo
865 2043 1001 2107 obscuro
1024 2059 1119 2107 ne-11

63 2152 127 2214 que
149 2131 301 2217 ambiguo
325 2137 514 2217 argumento
537 2154 614 2196 usus
634 2135 691 2214 est,
714 2131 770 2196 sed
787 2135 874 2195 certo
892 2135 989 2214 atque
1007 2153 1076 2215 per-

62 2221 189 2303 spicue,
216 2221 389 2304 siquidem,
416 2223 472 2304 qui
499 2243 572 2285 vere
600 2216 761 2285 beneficus
788 2221 994 2303 liberalisque
1019 2225 1076 2304 est,

62 2331 128 2392 qua
155 2314 261 2373 mente
289 2310 374 2374 bene·
397 2314 454 2374 aut
479 2310 655 2375 liberaliter
679 2310 788 2393 faciat,
815 2329 882 2374 non
905 2310 1075 2392 quaeritur.

61 2397 147 2462 Aliis
175 2399 261 2462 enim
287 2399 384 2484 longe
406 2399 590 2463 nominibus
613 2399 822 2483 appellandus
846 2403 907 2483 eet,
935 2399 976 2482 si,
1003 2416 1120 2464 cum12

21 2515 47 2555 es
61 2486 143 2550 talia
159 2487 246 2571 facit,
269 2489 319 2552 sui
337 2488 445 2572 potius
464 2509 561 2571 quam
579 2489 710 2553 alterius
728 2487 860 2552 iuvandi
878 2508 972 2552 causa
990 2489 1076 2553 facit.

61 2575 275 2641 Processisset
301 2581 409 2641 autem
432 2578 610 2663 argutatori
632 2578 687 2641 isti
709 2577 887 2642 fortassean
908 2577 1077 2662 reprehen·
1088 2595 1121 2643 13

62 2666 125 2747 sio,
150 2665 177 2729 si
201 2662 334 2729 Cicero
357 2665 403 2730 ita
426 2665 571 2730 dixisset:
595 2666 643 2730 ‘ut
665 2667 751 2730 enirn
774 2666 915 2733 benefice
938 2667 1077 2731 liberali-

60 2758 176 2836 terque
203 2753 351 2838 facimus,
379 2775 446 2818 non
472 2759 509 2818 ut
536 2756 702 2841 exigamus
728 2756 889 2840 gratiam’3
916 2756 1078 2820 videretur

62 2843 150 2907 enim
182 2842 323 2908 benefice
349 2844 454 2908 facere
482 2844 578 2908 etiam
604 2845 640 2908 in
665 2866 733 2908 non
758 2844 936 2909 beneficum
965 2846 1077 2909 cadere

16 2953 172 3017 esposse,
204 2933 231 2996 si
262 2933 296 2997 id
322 2955 380 3016 per
406 2934 547 3016 aliquam
575 2934 849 2999 circumstantiam
875 2934 979 3017 fieret,
1010 2956 1077 2998 non

61 3043 121 3105 per
157 3022 260 3104 ipsam
291 3025 464 3106 perpetuae
496 3022 704 3107 benignitatis
737 3022 958 3086 constantiam.
1014 3021 1077 3087 Sed
1087 3039 1121 3086 14

62 3132 137 3175 cum
167 3109 339 3176 ‘beneficos
366 3111 588 3194 liberalesque'
618 3111 734 3175 dixerit
756 3132 860 3193 neque
883 3112 964 3175 alius
988 3112 1076 3176 modi

136 3361 152 3407 3
167 3372 188 3408 s.
203 3358 233 3409 ot
247 3357 344 3410 eadem
356 3374 376 3426 γ
392 3356 396 3427 Ι
413 3355 547 3409 orationis
561 3358 584 3411 d
597 3359 606 3425 ΙΙ
621 3362 636 3409 6
651 3355 769 3425 speciali
783 3360 866 3425 quaz
882 3357 886 3426 Ι
903 3356 1075 3425 compendiis

61 3429 92 3482 et
111 3428 134 3504 d
153 3428 162 3496 ΙΙ
182 3431 197 3480 7
216 3427 246 3480 id
265 3427 375 3482 adicere
394 3428 470 3496 (add.
485 3430 516 3497 Q)
535 3429 558 3482 δ
576 3429 585 3497 ΙΙ
604 3433 619 3480 9
638 3427 837 3497 recipiend(a)e
855 3431 903 3509 lez
920 3430 936 3496 t
949 3433 987 3506 na
999 3429 1083 3477 utra-

59 3495 1133 3647 celeusmate{estrattransmearem
