2460 3878
139 183 202 247 106
592 179 656 233 XIV
676 185 689 232 1

134 347 191 429 qui
219 345 410 417 conveniret,
426 345 583 409 diversam
606 365 702 426 super
724 342 835 406 eodem
858 341 928 405 fieri
951 340 1145 405 demonstra-

133 437 269 517 tionem,
297 435 337 517 si,
364 438 401 498 ut
427 433 490 517 ipsi
515 436 679 517 putarent,
706 431 787 495 alius
811 434 907 512 atque
930 428 1011 494 alius
1036 451 1144 492 earun-

135 525 207 588 dem
244 525 408 588 stellarum
441 521 521 586 situs
554 525 662 607 atque
682 520 796 585 ductus
828 519 906 583 alias
939 523 1035 601 atque
1068 518 1144 580 alias

90 629 124 678 20
134 613 279 677 fortunas
303 612 399 675 daret.
442 609 505 674 Sed
528 613 560 674 et
582 609 768 693 nuptiarum
791 613 945 691 tempore,
967 629 1007 671 ex
1030 606 1145 689 quibus

134 702 228 767 liberi
261 703 501 784 quaererentur,
534 702 630 782 atque
662 698 733 781 ipso
766 698 863 762 etiam
895 697 952 760 iilo
985 696 1084 760 maris
1116 698 1180 759 ets

134 791 272 855 feminae
307 790 372 853 iam
409 788 562 853 declarari
598 787 685 851 coitu
722 790 869 869 oportere
903 785 1027 850 dicebat
1060 788 1146 849 certo

136 880 275 962 quodam
294 882 326 942 et
344 879 521 942 necessario
541 877 706 941 stellarum
727 876 846 958 ordine,
867 875 977 957 quales
996 874 1147 956 qualique

135 969 265 1032 fortuna
296 968 443 1031 homines
475 967 696 1052 gignerentur,
730 985 768 1028 ac
799 965 902 1028 multo
935 964 1032 1028 etiam
1066 966 1148 1044 ante,

137 1079 210 1122 cum
242 1060 333 1140 pater
364 1057 431 1139 ipse
463 1060 560 1138 atque
590 1059 692 1119 mater
719 1057 937 1135 nascerentur,
969 1073 1009 1116 ex
1037 1073 1148 1116 eorum

137 1146 284 1232 genitura
303 1145 447 1210 debuisse
466 1145 531 1208 iam
549 1149 627 1208 tunc
640 1143 791 1227 prospici,
810 1143 941 1225 quinam
956 1141 1034 1207 olim
1048 1141 1150 1204 futuri
1163 1163 1184 1204 o

138 1239 257 1319 essent,
284 1256 364 1317 quos
392 1234 426 1297 hi
454 1233 591 1298 creaturi
613 1233 732 1315 forent,
760 1236 792 1296 et
815 1253 911 1314 supra
932 1232 1030 1316 longe
1053 1234 1150 1312 etque

136 1325 234 1409 longe
257 1346 314 1408 per
337 1323 513 1405 infinitum,
540 1326 589 1404 ut,
615 1323 642 1386 si
666 1320 834 1404 disciplina
857 1321 918 1384 ista
941 1319 1150 1383 fundamento

138 1414 247 1495 aliquo
271 1412 414 1476 veritatis
438 1412 513 1474 nixa
536 1415 597 1493 est,
623 1411 797 1475 centesimo
819 1430 920 1491 usque
944 1407 1062 1472 abhinc
1085 1430 1151 1471 sae-

139 1502 212 1566 culo
235 1502 287 1565 vel
309 1501 412 1584 magis
435 1500 539 1583 primo
561 1499 641 1565 caeli
660 1504 755 1582 atque
774 1498 885 1563 mundi
904 1499 1035 1562 exordio
1055 1500 1151 1579 atque

139 1588 213 1653 inde
248 1589 312 1652 iam
349 1588 497 1671 deinceps
534 1589 686 1653 continua
719 1587 966 1673 significatione,
1002 1587 1151 1670 quotiem
1164 1607 1185 1648 u

140 1677 265 1763 generis
292 1681 438 1742 auctores
462 1676 603 1741 eiusdem
625 1677 771 1742 homines
794 1680 1013 1758 nascerentur,
1041 1676 1151 1739 stellae

52 1779 54 1782 ’
141 1767 220 1830 istae
256 1770 510 1849 praemonstrare
546 1766 727 1850 debuerint,
763 1767 867 1850 qualis
900 1765 1052 1850 qualique
1084 1763 1152 1828 fato

96 1855 267 1918 alfuturus
300 1855 354 1938 sit,
386 1854 531 1938 quisquis
563 1855 658 1920 hodie
691 1860 785 1920 natus
814 1860 869 1920 est.
922 1853 1004 1930 ‘Quo
1032 1853 1151 1918 autem'

141 1945 247 2026 inquit
271 1944 377 2027 ‘pacto
400 1945 486 2009 credi
508 1948 615 2027 potest
637 1945 887 2028 uniuscuiusque
905 1944 1072 2010 stellarum
1090 1942 1154 2006 for-

141 2055 213 2097 mae
241 2037 272 2097 et
299 2033 468 2117 positionis
494 2037 612 2098 sortem
636 2038 733 2117 atque
756 2033 919 2098 fortunam
941 2033 998 2097 uni
1022 2032 1153 2095 omnino
1167 2053 1188 2093 u

141 2122 266 2186 homini
302 2126 421 2186 certam
457 2123 711 2205 destinatamque
748 2145 816 2188 esse
851 2143 984 2206 eamque
1016 2120 1154 2184 formam

142 2215 216 2294 post
248 2212 435 2296 longissima
467 2214 666 2277 saeculorum
699 2211 803 2296 spatia
834 2211 974 2294 restitui,
1011 2210 1037 2273 si
1070 2208 1155 2274 vitae

143 2298 407 2382 fortunarumque
435 2301 575 2365 eiusdem
603 2301 742 2365 hominis
765 2301 883 2365 indicia
905 2301 940 2364 in
962 2303 1029 2363 tam
1053 2297 1155 2362 brevi·

142 2386 204 2474 bus
227 2388 404 2452 intervallis
428 2411 485 2472 per
507 2389 652 2474 singulos
676 2392 832 2453 maiorum
857 2391 924 2455 eius
948 2389 1065 2474 gradus
1086 2409 1155 2470 per·

144 2496 206 2558 que
230 2476 392 2539 infinitum
415 2478 652 2542 successionum
674 2479 816 2542 ordinem
835 2482 901 2542 tam
921 2499 1015 2560 saepe
1033 2498 1071 2541 ao
1088 2480 1156 2540 tam
1168 2497 1190 2539 u

145 2564 366 2647 multipliciter
398 2566 507 2630 eadem
537 2566 606 2649 ipsa
637 2588 704 2631 non
736 2567 846 2632 eadem
878 2568 1042 2632 stell-arum
1075 2564 1156 2629 facie

100 2652 360 2717 22denotantur?
405 2653 498 2730 Quod
525 2656 552 2718 si
579 2656 613 2719 id
639 2656 709 2720 fieri
736 2660 844 2739 potest
867 2677 966 2738 eaque
990 2653 1156 2718 diversitas

146 2746 241 2824 atque
264 2742 401 2806 varietas
423 2743 605 2808 admittitur
621 2767 679 2828 per
697 2745 801 2809 onmis
819 2743 1020 2828 antiquitatis
1040 2742 1157 2828 gradus

146 2831 186 2894 ad
214 2831 422 2915 significanda
449 2853 559 2896 eorum
587 2832 768 2916 hominum,
797 2834 852 2916 qui
879 2837 953 2917 post
977 2835 1157 2913 nascentur,

147 2920 285 3003 exordia,
310 2921 499 3004 imparilitas
522 2922 601 2986 haec
623 2923 733 2987 turbat
752 2922 1016 3003 observationem,
1041 2921 1157 2984 omnis·
1169 2942 1193 2984 u

103 3024 136 3073 23
148 3031 210 3093 que
228 3010 310 3074 ratio
330 3010 516 3094 disciplinae
535 3011 759 3076 confunditur?
797 3010 864 3074 Iam
883 3031 958 3076 vero
977 3010 1010 3074 id
1026 3010 1158 3073 minime

147 3099 318 3163 ferundum
346 3100 509 3183 censebat,
536 3100 622 3183 quod
648 3122 716 3165 non
742 3100 838 3164 modo
867 3120 958 3165 casus
981 3103 1014 3164 et
1036 3102 1158 3180 eventa,

148 3209 230 3270 quae
258 3189 420 3254 evenirent
448 3189 658 3272 extrinsecus,
690 3188 746 3253 sed
773 3189 905 3253 consilia
933 3192 1062 3271 queque
1089 3188 1158 3272 ipsa

222 3425 235 3472 1
255 3417 354 3492 (non)
369 3416 529 3472 conveniret
544 3417 622 3488 Mdp.
637 3419 676 3487 1Ιό
696 3417 773 3488 et]d
792 3433 825 3470 ac
840 3419 898 3469 on
916 3418 1002 3484 atque
1015 3421 1068 3469 ΠΧ
1082 3418 1092 3485 ΙΙ
1106 3421 1122 3469 6
1135 3431 1157 3468 c.

148 3488 206 3542 iam
225 3491 294 3544 decl.
313 3508 333 3559 γ
352 3492 361 3559 ΙΙ
382 3495 398 3544 8
418 3491 492 3556 ante,
511 3505 575 3543 curn
593 3490 680 3543 Hertz
702 3489 853 3556 antequam
873 3508 894 3540 ω
914 3489 923 3557 fl
946 3493 977 3540 11
997 3485 1038 3540 hii
1058 3489 1081 3541 d
1087 3485 1159 3540 111¹

146 3559 170 3614 ii
184 3566 232 3614 lto
247 3579 297 3616 om.
312 3567 337 3614 x
349 3563 359 3631 ΙΙ
375 3566 407 3614 16
424 3559 546 3614 hominis
560 3564 606 3630 γα
619 3563 628 3628 Η
642 3565 675 3613 31
691 3559 763 3613 Nam
776 3564 794 3611 z
808 3561 817 3628 ΙΙ
832 3564 866 3612 32
880 3561 910 3613 et
924 3575 974 3613 om.
988 3563 1013 3610 x
1032 3560 1075 3612 est
1090 3557 1161 3612 0²11
