<?xml version="1.0" encoding="UTF-8"?>
<!DOCTYPE html PUBLIC "-//W3C//DTD XHTML 1.0 Transitional//EN"
    "http://www.w3.org/TR/xhtml1/DTD/xhtml1-transitional.dtd">
<html xmlns="http://www.w3.org/1999/xhtml" xml:lang="en" lang="en">
 <head>
  <title>
</title>
<meta http-equiv="Content-Type" content="text/html;charset=utf-8" />
  <meta name='ocr-system' content='tesseract 3.04.00' />
  <meta name='ocr-capabilities' content='ocr_page ocr_carea ocr_par ocr_line ocrx_word'/>
</head>
<body>
  <div class='ocr_page' id='page_1' title='image "agelliinoctivma02gellgoog_0096.png"; bbox 0 0 2438 3878; ppageno 0'>
   <div class='ocr_carea' id='block_1_1' title="bbox 469 188 1071 260">
    <p class='ocr_par' dir='ltr' id='par_1_1' title="bbox 469 188 1071 260">
     <span class='ocr_line' id='line_1_1' title="bbox 469 188 1071 260; baseline -0.003 -17"><span class='ocrx_word' id='word_1_1' title='bbox 469 189 534 243; x_wconf 87' lang='lat' dir='ltr'>xm</span> <span class='ocrx_word' id='word_1_2' title='bbox 552 195 586 244; x_wconf 77' lang='lat' dir='ltr'>aa</span> <span class='ocrx_word' id='word_1_3' title='bbox 605 191 660 260; x_wconf 78' lang='grc' dir='ltr'>(ιι)</span> <span class='ocrx_word' id='word_1_4' title='bbox 1028 188 1071 252; x_wconf 85' lang='lat'>89</span> 
     </span>
    </p>
   </div>
   <div class='ocr_carea' id='block_1_2' title="bbox 13 352 1190 1238">
    <p class='ocr_par' dir='ltr' id='par_1_2' title="bbox 13 352 1190 1238">
     <span class='ocr_line' id='line_1_2' title="bbox 56 352 1072 437; baseline -0.001 -21"><span class='ocrx_word' id='word_1_5' title='bbox 56 352 118 437; x_wconf 92' lang='lat' dir='ltr'>pei</span> <span class='ocrx_word' id='word_1_6' title='bbox 152 352 308 416; x_wconf 78' lang='lat' dir='ltr'>sedente</span> <span class='ocrx_word' id='word_1_7' title='bbox 335 353 567 436; x_wconf 90' lang='lat' dir='ltr'>imperatore</span> <span class='ocrx_word' id='word_1_8' title='bbox 595 352 801 417; x_wconf 82' lang='lat' dir='ltr'>decemviri</span> <span class='ocrx_word' id='word_1_9' title='bbox 829 353 1007 437; x_wconf 71' lang='lat' dir='ltr'>vendent,</span> <span class='ocrx_word' id='word_1_10' title='bbox 1040 355 1072 415; x_wconf 90' lang='lat' dir='ltr'>et</span> 
     </span>
     <span class='ocr_line' id='line_1_3' title="bbox 56 440 1075 525; baseline -0.003 -18"><span class='ocrx_word' id='word_1_11' title='bbox 56 441 141 507; x_wconf 75' lang='lat' dir='ltr'>infra</span> <span class='ocrx_word' id='word_1_12' title='bbox 168 441 279 506; x_wconf 87' lang='lat' dir='ltr'>itidem</span> <span class='ocrx_word' id='word_1_13' title='bbox 309 442 372 506; x_wconf 92' lang='lat' dir='ltr'>duo</span> <span class='ocrx_word' id='word_1_14' title='bbox 399 442 479 506; x_wconf 89' lang='lat' dir='ltr'>haec</span> <span class='ocrx_word' id='word_1_15' title='bbox 507 441 603 506; x_wconf 88' lang='lat' dir='ltr'>simul</span> <span class='ocrx_word' id='word_1_16' title='bbox 624 441 760 506; x_wconf 91' lang='lat' dir='ltr'>iunctim</span> <span class='ocrx_word' id='word_1_17' title='bbox 783 442 888 525; x_wconf 86' lang='lat' dir='ltr'>posita</span> <span class='ocrx_word' id='word_1_18' title='bbox 912 441 994 505; x_wconf 88' lang='lat' dir='ltr'>dixit</span> <span class='ocrx_word' id='word_1_19' title='bbox 1016 440 1075 523; x_wconf 87' lang='lat' dir='ltr'>(II</span> 
     </span>
     <span class='ocr_line' id='line_1_4' title="bbox 55 530 1072 615; baseline -0.004 -18"><span class='ocrx_word' id='word_1_20' title='bbox 55 535 112 608; x_wconf 84' lang='lat'>22,</span> <span class='ocrx_word' id='word_1_21' title='bbox 131 531 200 614; x_wconf 80' lang='lat'><em>59):</em></span> <span class='ocrx_word' id='word_1_22' title='bbox 228 530 284 594; x_wconf 82' lang='lat' dir='ltr'>Ex</span> <span class='ocrx_word' id='word_1_23' title='bbox 306 532 460 615; x_wconf 86' lang='lat' dir='ltr'>praeda,</span> <span class='ocrx_word' id='word_1_24' title='bbox 488 554 532 596; x_wconf 85' lang='lat' dir='ltr'>ex</span> <span class='ocrx_word' id='word_1_25' title='bbox 555 530 761 613; x_wconf 87' lang='lat' dir='ltr'>manubiis,</span> <span class='ocrx_word' id='word_1_26' title='bbox 785 553 828 594; x_wconf 84' lang='lat' dir='ltr'>ex</span> <span class='ocrx_word' id='word_1_27' title='bbox 852 551 942 594; x_wconf 90' lang='lat' dir='ltr'>auro</span> <span class='ocrx_word' id='word_1_28' title='bbox 967 551 1072 594; x_wconf 92' lang='lat' dir='ltr'>coro-</span> 
     </span>
     <span class='ocr_line' id='line_1_5' title="bbox 56 617 1098 702; baseline 0 -19"><span class='ocrx_word' id='word_1_29' title='bbox 56 621 174 684; x_wconf 87' lang='lat' dir='ltr'>nario.</span> <span class='ocrx_word' id='word_1_30' title='bbox 224 617 274 684; x_wconf 86' lang='lat' dir='ltr'>Ac</span> <span class='ocrx_word' id='word_1_31' title='bbox 306 620 419 684; x_wconf 91' lang='lat' dir='ltr'>deinde</span> <span class='ocrx_word' id='word_1_32' title='bbox 447 621 487 684; x_wconf 87' lang='lat' dir='ltr'>ad</span> <span class='ocrx_word' id='word_1_33' title='bbox 516 643 589 685; x_wconf 90' lang='lat' dir='ltr'>eum</span> <span class='ocrx_word' id='word_1_34' title='bbox 616 620 788 702; x_wconf 82' lang='lat' dir='ltr'>convertit,</span> <span class='ocrx_word' id='word_1_35' title='bbox 820 620 876 702; x_wconf 92' lang='lat' dir='ltr'>qui</span> <span class='ocrx_word' id='word_1_36' title='bbox 903 619 1098 683; x_wconf 69' lang='lat' dir='ltr'>manubias?</span> 
     </span>
     <span class='ocr_line' id='line_1_6' title="bbox 28 708 1190 795; baseline -0.005 -18"><span class='ocrx_word' id='word_1_37' title='bbox 28 731 126 777; x_wconf 81' lang='lat' dir='ltr'>sesso</span> <span class='ocrx_word' id='word_1_38' title='bbox 149 709 300 792; x_wconf 87' lang='lat' dir='ltr'>praedam</span> <span class='ocrx_word' id='word_1_39' title='bbox 324 710 455 794; x_wconf 76' lang='lat' dir='ltr'>dixerat,</span> <span class='ocrx_word' id='word_1_40' title='bbox 478 714 522 774; x_wconf 91' lang='lat' dir='ltr'>et:</span> <span class='ocrx_word' id='word_1_41' title='bbox 547 709 725 774; x_wconf 76' lang='lat' dir='ltr'>‘videturne</span> <span class='ocrx_word' id='word_1_42' title='bbox 748 709 820 772; x_wconf 89' lang='lat' dir='ltr'>tibi&#39;</span> <span class='ocrx_word' id='word_1_43' title='bbox 843 709 951 791; x_wconf 91' lang='lat' dir='ltr'>inquit</span> <span class='ocrx_word' id='word_1_44' title='bbox 974 708 1072 771; x_wconf 77' lang='lat' dir='ltr'>‘utro-</span> <span class='ocrx_word' id='word_1_45' title='bbox 1189 792 1190 795; x_wconf 8' lang='grc' dir='ltr'><strong>Ἴ</strong></span> 
     </span>
     <span class='ocr_line' id='line_1_7' title="bbox 57 795 1072 881; baseline -0.001 -20"><span class='ocrx_word' id='word_1_46' title='bbox 57 820 120 881; x_wconf 94' lang='lat' dir='ltr'>que</span> <span class='ocrx_word' id='word_1_47' title='bbox 143 798 178 861; x_wconf 89' lang='lat' dir='ltr'>in</span> <span class='ocrx_word' id='word_1_48' title='bbox 200 799 272 861; x_wconf 90' lang='lat' dir='ltr'>loco</span> <span class='ocrx_word' id='word_1_49' title='bbox 296 797 338 861; x_wconf 90' lang='lat' dir='ltr'>M.</span> <span class='ocrx_word' id='word_1_50' title='bbox 363 795 494 862; x_wconf 76' lang='lat' dir='ltr'>Cicero</span> <span class='ocrx_word' id='word_1_51' title='bbox 519 799 644 862; x_wconf 90' lang='lat' dir='ltr'>duobus</span> <span class='ocrx_word' id='word_1_52' title='bbox 666 798 772 862; x_wconf 85' lang='lat' dir='ltr'>verbis</span> <span class='ocrx_word' id='word_1_53' title='bbox 795 798 893 881; x_wconf 90' lang='lat' dir='ltr'>idem,</span> <span class='ocrx_word' id='word_1_54' title='bbox 917 798 1013 861; x_wconf 88' lang='lat' dir='ltr'>sicuti</span> <span class='ocrx_word' id='word_1_55' title='bbox 1035 802 1072 861; x_wconf 94' lang='lat' dir='ltr'>tu</span> 
     </span>
     <span class='ocr_line' id='line_1_8' title="bbox 56 887 1072 972; baseline -0.001 -22"><span class='ocrx_word' id='word_1_56' title='bbox 56 890 166 971; x_wconf 87' lang='lat' dir='ltr'>putas,</span> <span class='ocrx_word' id='word_1_57' title='bbox 198 887 454 972; x_wconf 86' lang='lat' dir='ltr'>significantibus</span> <span class='ocrx_word' id='word_1_58' title='bbox 486 889 595 971; x_wconf 89' lang='lat' dir='ltr'>inepte</span> <span class='ocrx_word' id='word_1_59' title='bbox 627 890 660 951; x_wconf 92' lang='lat' dir='ltr'>et</span> <span class='ocrx_word' id='word_1_60' title='bbox 690 887 807 972; x_wconf 80' lang='lat' dir='ltr'>frigide</span> <span class='ocrx_word' id='word_1_61' title='bbox 834 909 903 951; x_wconf 88' lang='lat' dir='ltr'>esse</span> <span class='ocrx_word' id='word_1_62' title='bbox 931 908 1007 950; x_wconf 88' lang='lat' dir='ltr'>usus</span> <span class='ocrx_word' id='word_1_63' title='bbox 1035 907 1072 949; x_wconf 87' lang='lat' dir='ltr'>ac</span> 
     </span>
     <span class='ocr_line' id='line_1_9' title="bbox 56 974 1072 1062; baseline -0.002 -22"><span class='ocrx_word' id='word_1_64' title='bbox 56 977 116 1040; x_wconf 87' lang='lat' dir='ltr'>tali</span> <span class='ocrx_word' id='word_1_65' title='bbox 138 976 211 1040; x_wconf 91' lang='lat' dir='ltr'>ioco</span> <span class='ocrx_word' id='word_1_66' title='bbox 234 976 359 1062; x_wconf 79' lang='lat' dir='ltr'>dignus,</span> <span class='ocrx_word' id='word_1_67' title='bbox 382 977 471 1059; x_wconf 94' lang='lat' dir='ltr'>quali</span> <span class='ocrx_word' id='word_1_68' title='bbox 491 977 577 1060; x_wconf 87' lang='lat' dir='ltr'>apud</span> <span class='ocrx_word' id='word_1_69' title='bbox 594 974 897 1059; x_wconf 77' lang='lat' dir='ltr'>Aristophanen,</span> <span class='ocrx_word' id='word_1_70' title='bbox 919 976 1072 1039; x_wconf 88' lang='lat' dir='ltr'>facetissi-</span> 
     </span>
     <span class='ocr_line' id='line_1_10' title="bbox 56 1063 1072 1149; baseline -0.002 -21"><span class='ocrx_word' id='word_1_71' title='bbox 56 1087 148 1128; x_wconf 87' lang='lat' dir='ltr'>mum</span> <span class='ocrx_word' id='word_1_72' title='bbox 176 1066 385 1149; x_wconf 90' lang='lat' dir='ltr'>oomicorum,</span> <span class='ocrx_word' id='word_1_73' title='bbox 412 1065 618 1149; x_wconf 84' lang='lat' dir='ltr'>Euripides</span> <span class='ocrx_word' id='word_1_74' title='bbox 641 1063 875 1149; x_wconf 83' lang='lat' dir='ltr'>Aeschylum</span> <span class='ocrx_word' id='word_1_75' title='bbox 897 1065 1072 1128; x_wconf 88' lang='lat' dir='ltr'>insectatus</span> 
     </span>
     <span class='ocr_line' id='line_1_11' title="bbox 13 1155 707 1238; baseline -0.006 -16"><span class='ocrx_word' id='word_1_76' title='bbox 13 1182 41 1222; x_wconf 83' lang='grc' dir='ltr'>ιο</span> <span class='ocrx_word' id='word_1_77' title='bbox 56 1158 120 1236; x_wconf 87' lang='lat' dir='ltr'>est,</span> <span class='ocrx_word' id='word_1_78' title='bbox 144 1174 218 1217; x_wconf 92' lang='lat' dir='ltr'>cum</span> <span class='ocrx_word' id='word_1_79' title='bbox 240 1155 286 1218; x_wconf 90' lang='lat' dir='ltr'>ait</span> <span class='ocrx_word' id='word_1_80' title='bbox 310 1155 394 1237; x_wconf 84' lang='grc' dir='ltr'><strong><em>(κοκ.</em></strong></span> <span class='ocrx_word' id='word_1_81' title='bbox 407 1157 505 1232; x_wconf 80' lang='grc'><em>1154;</em></span> <span class='ocrx_word' id='word_1_82' title='bbox 525 1157 606 1219; x_wconf 84' lang='lat'><strong><em>1156</em></strong></span> <span class='ocrx_word' id='word_1_83' title='bbox 615 1155 707 1238; x_wconf 82' lang='lat' dir='ltr'>sqq.):</span> 
     </span>
    </p>
   </div>
   <div class='ocr_carea' id='block_1_3' title="bbox 16 1256 1106 2076">
    <p class='ocr_par' dir='ltr' id='par_1_3' title="bbox 103 1256 1106 1346">
     <span class='ocr_line' id='line_1_12' title="bbox 103 1256 1106 1346; baseline -0.001 -22"><span class='ocrx_word' id='word_1_84' title='bbox 103 1261 164 1336; x_wconf 79' lang='grc' dir='ltr'>δὶς</span> <span class='ocrx_word' id='word_1_85' title='bbox 187 1261 331 1326; x_wconf 86' lang='grc' dir='ltr'><strong><em>ταύτὸν</em></strong></span> <span class='ocrx_word' id='word_1_86' title='bbox 354 1261 447 1346; x_wconf 75' lang='grc' dir='ltr'><strong><em>ἡμῖν</em></strong></span> <span class='ocrx_word' id='word_1_87' title='bbox 471 1256 579 1326; x_wconf 82' lang='grc' dir='ltr'><em>εἶπεν</em></span> <span class='ocrx_word' id='word_1_88' title='bbox 602 1261 620 1327; x_wconf 90' lang='grc' dir='ltr'>ὁ</span> <span class='ocrx_word' id='word_1_89' title='bbox 644 1262 766 1345; x_wconf 84' lang='grc' dir='ltr'><strong><em>σοφὸς</em></strong></span> <span class='ocrx_word' id='word_1_90' title='bbox 788 1259 995 1344; x_wconf 79' lang='grc' dir='ltr'><strong><em>Αἰσχύλος.</em></strong></span> <span class='ocrx_word' id='word_1_91' title='bbox 1067 1259 1075 1280; x_wconf 76' lang='grc'><em>”</em></span> <span class='ocrx_word' id='word_1_92' title='bbox 1104 1323 1106 1331; x_wconf 84' lang='grc'><strong><em>,</em></strong></span> 
     </span>
    </p>

    <p class='ocr_par' dir='ltr' id='par_1_4' title="bbox 102 1349 960 1435">
     <span class='ocr_line' id='line_1_13' title="bbox 102 1349 960 1435; baseline -0.002 -21"><span class='ocrx_word' id='word_1_93' title='bbox 102 1350 180 1432; x_wconf 76' lang='grc' dir='ltr'>ἥκω</span> <span class='ocrx_word' id='word_1_94' title='bbox 203 1351 275 1434; x_wconf 77' lang='grc' dir='ltr'>γάρ</span> <span class='ocrx_word' id='word_1_95' title='bbox 300 1352 356 1427; x_wconf 80' lang='grc' dir='ltr'>εἰς</span> <span class='ocrx_word' id='word_1_96' title='bbox 378 1360 466 1434; x_wconf 75' lang='grc' dir='ltr'><strong><em>γῆν,</em></strong></span> <span class='ocrx_word' id='word_1_97' title='bbox 489 1353 600 1434; x_wconf 82' lang='grc' dir='ltr'><strong><em>φησί,</em></strong></span> <span class='ocrx_word' id='word_1_98' title='bbox 623 1349 687 1414; x_wconf 79' lang='grc' dir='ltr'>καὶ</span> <span class='ocrx_word' id='word_1_99' title='bbox 710 1349 960 1435; x_wconf 78' lang='grc' dir='ltr'><strong><em>κατέρχομαι·</em></strong></span> 
     </span>
    </p>

    <p class='ocr_par' dir='ltr' id='par_1_5' title="bbox 102 1435 861 1527">
     <span class='ocr_line' id='line_1_14' title="bbox 102 1435 861 1527; baseline -0.001 -24"><span class='ocrx_word' id='word_1_100' title='bbox 102 1439 180 1522; x_wconf 75' lang='grc' dir='ltr'>ἥκω</span> <span class='ocrx_word' id='word_1_101' title='bbox 204 1435 245 1503; x_wconf 76' lang='grc' dir='ltr'>δὲ</span> <span class='ocrx_word' id='word_1_102' title='bbox 268 1440 412 1505; x_wconf 84' lang='grc' dir='ltr'><strong><em>ταύτόν</em></strong></span> <span class='ocrx_word' id='word_1_103' title='bbox 435 1439 516 1505; x_wconf 76' lang='grc' dir='ltr'><strong><em>ἐστι</em></strong></span> <span class='ocrx_word' id='word_1_104' title='bbox 540 1447 589 1527; x_wconf 79' lang='grc' dir='ltr'>τῷ</span> <span class='ocrx_word' id='word_1_105' title='bbox 612 1439 861 1525; x_wconf 80' lang='grc' dir='ltr'><strong><em>κατέρχομαι.</em></strong></span> 
     </span>
    </p>

    <p class='ocr_par' dir='ltr' id='par_1_6' title="bbox 103 1526 1001 1613">
     <span class='ocr_line' id='line_1_15' title="bbox 103 1526 1001 1613; baseline -0.002 -21"><span class='ocrx_word' id='word_1_106' title='bbox 103 1528 149 1610; x_wconf 82' lang='grc' dir='ltr'>νὴ</span> <span class='ocrx_word' id='word_1_107' title='bbox 172 1528 241 1593; x_wconf 86' lang='grc' dir='ltr'>τὸν</span> <span class='ocrx_word' id='word_1_108' title='bbox 262 1526 341 1611; x_wconf 86' lang='grc' dir='ltr'><strong><em>Δί’,</em></strong></span> <span class='ocrx_word' id='word_1_109' title='bbox 364 1528 490 1613; x_wconf 80' lang='grc' dir='ltr'><strong><em>ὥσπερ</em></strong></span> <span class='ocrx_word' id='word_1_110' title='bbox 514 1526 546 1611; x_wconf 77' lang='grc' dir='ltr'>γ’</span> <span class='ocrx_word' id='word_1_111' title='bbox 572 1535 611 1593; x_wconf 77' lang='lat' dir='ltr'>el</span> <span class='ocrx_word' id='word_1_112' title='bbox 628 1551 686 1604; x_wconf 82' lang='grc' dir='ltr'>τις</span> <span class='ocrx_word' id='word_1_113' title='bbox 710 1535 813 1593; x_wconf 74' lang='grc' dir='ltr'><strong><em>εἴκοι</em></strong></span> <span class='ocrx_word' id='word_1_114' title='bbox 836 1529 1001 1610; x_wconf 76' lang='grc' dir='ltr'><strong><em>γείτονι·</em></strong></span> 
     </span>
    </p>

    <p class='ocr_par' dir='ltr' id='par_1_7' title="bbox 16 1613 1072 1703">
     <span class='ocr_line' id='line_1_16' title="bbox 16 1613 1072 1703; baseline -0.005 -18"><span class='ocrx_word' id='word_1_115' title='bbox 16 1645 43 1685; x_wconf 80' lang='grc' dir='ltr'>ιτ</span> <span class='ocrx_word' id='word_1_116' title='bbox 106 1626 253 1702; x_wconf 74' lang='grc' dir='ltr'><strong><em>χρῆσον</em></strong></span> <span class='ocrx_word' id='word_1_117' title='bbox 275 1619 321 1681; x_wconf 82' lang='grc' dir='ltr'>σὺ</span> <span class='ocrx_word' id='word_1_118' title='bbox 341 1618 528 1703; x_wconf 78' lang='grc' dir='ltr'><strong><em>μάκτραν,</em></strong></span> <span class='ocrx_word' id='word_1_119' title='bbox 552 1620 587 1682; x_wconf 78' lang='grc' dir='ltr'>εἰ</span> <span class='ocrx_word' id='word_1_120' title='bbox 605 1613 646 1682; x_wconf 76' lang='lat' dir='ltr'>db</span> <span class='ocrx_word' id='word_1_121' title='bbox 664 1618 814 1701; x_wconf 74' lang='grc' dir='ltr'><strong><em>βούλει,</em></strong></span> <span class='ocrx_word' id='word_1_122' title='bbox 838 1615 1072 1700; x_wconf 67' lang='grc' dir='ltr'><strong><em>κάρδοπονῗ’</em></strong></span> 
     </span>
    </p>

    <p class='ocr_par' dir='ltr' id='par_1_8' title="bbox 55 1721 1099 2076">
     <span class='ocr_line' id='line_1_17' title="bbox 57 1721 1099 1807; baseline -0.001 -21"><span class='ocrx_word' id='word_1_123' title='bbox 57 1721 284 1807; x_wconf 79' lang='lat' dir='ltr'>‘Nequaquam</span> <span class='ocrx_word' id='word_1_124' title='bbox 314 1725 403 1788; x_wconf 87' lang='lat' dir='ltr'>vero&#39;</span> <span class='ocrx_word' id='word_1_125' title='bbox 436 1725 542 1807; x_wconf 87' lang='lat' dir='ltr'>inquit</span> <span class='ocrx_word' id='word_1_126' title='bbox 574 1725 629 1788; x_wconf 90' lang='lat' dir='ltr'>ille</span> <span class='ocrx_word' id='word_1_127' title='bbox 662 1725 751 1789; x_wconf 69' lang='lat' dir='ltr'>‘talia</span> <span class='ocrx_word' id='word_1_128' title='bbox 782 1724 944 1804; x_wconf 84' lang='lat' dir='ltr'>videntur,</span> <span class='ocrx_word' id='word_1_129' title='bbox 979 1723 1099 1805; x_wconf 77' lang='lat' dir='ltr'>quales</span> 
     </span>
     <span class='ocr_line' id='line_1_18' title="bbox 57 1812 1073 1899; baseline -0.002 -23"><span class='ocrx_word' id='word_1_130' title='bbox 57 1816 108 1876; x_wconf 88' lang='lat' dir='ltr'>est</span> <span class='ocrx_word' id='word_1_131' title='bbox 132 1812 259 1898; x_wconf 81' lang='grc' dir='ltr'><strong><em>μάκτρα</em></strong></span> <span class='ocrx_word' id='word_1_132' title='bbox 282 1817 314 1877; x_wconf 89' lang='lat' dir='ltr'>et</span> <span class='ocrx_word' id='word_1_133' title='bbox 336 1813 517 1899; x_wconf 75' lang='grc' dir='ltr'><strong><em>κάρδοπος,</em></strong></span> <span class='ocrx_word' id='word_1_134' title='bbox 545 1835 627 1896; x_wconf 90' lang='lat' dir='ltr'>quae</span> <span class='ocrx_word' id='word_1_135' title='bbox 650 1815 702 1878; x_wconf 85' lang='lat' dir='ltr'>vel</span> <span class='ocrx_word' id='word_1_136' title='bbox 725 1837 743 1877; x_wconf 87' lang='lat' dir='ltr'>a</span> <span class='ocrx_word' id='word_1_137' title='bbox 766 1813 871 1897; x_wconf 89' lang='lat' dir='ltr'>poetis</span> <span class='ocrx_word' id='word_1_138' title='bbox 894 1813 946 1876; x_wconf 87' lang='lat' dir='ltr'>vel</span> <span class='ocrx_word' id='word_1_139' title='bbox 970 1815 1073 1875; x_wconf 92' lang='lat' dir='ltr'>orato-</span> 
     </span>
     <span class='ocr_line' id='line_1_19' title="bbox 55 1899 1074 1986; baseline -0.002 -21"><span class='ocrx_word' id='word_1_140' title='bbox 55 1901 148 1965; x_wconf 90' lang='lat' dir='ltr'>ribus</span> <span class='ocrx_word' id='word_1_141' title='bbox 177 1899 305 1966; x_wconf 83' lang='lat' dir='ltr'>Graecis</span> <span class='ocrx_word' id='word_1_142' title='bbox 334 1904 519 1986; x_wconf 90' lang='lat' dir='ltr'>nostrisque</span> <span class='ocrx_word' id='word_1_143' title='bbox 547 1902 753 1967; x_wconf 79' lang='lat' dir='ltr'>celebrandae</span> <span class='ocrx_word' id='word_1_144' title='bbox 780 1906 813 1966; x_wconf 94' lang='lat' dir='ltr'>et</span> <span class='ocrx_word' id='word_1_145' title='bbox 840 1901 1000 1965; x_wconf 89' lang='lat' dir='ltr'>ornandae</span> <span class='ocrx_word' id='word_1_146' title='bbox 1027 1900 1074 1964; x_wconf 93' lang='lat' dir='ltr'>rei</span> 
     </span>
     <span class='ocr_line' id='line_1_20' title="bbox 57 1989 1073 2076; baseline -0.002 -23"><span class='ocrx_word' id='word_1_147' title='bbox 57 1991 162 2076; x_wconf 85' lang='lat' dir='ltr'>gratia</span> <span class='ocrx_word' id='word_1_148' title='bbox 195 1991 319 2055; x_wconf 86' lang='lat' dir='ltr'>duobus</span> <span class='ocrx_word' id='word_1_149' title='bbox 352 1993 463 2056; x_wconf 91' lang='lat' dir='ltr'>eadem</span> <span class='ocrx_word' id='word_1_150' title='bbox 494 1992 680 2075; x_wconf 82' lang='lat' dir='ltr'>pluribusve</span> <span class='ocrx_word' id='word_1_151' title='bbox 711 1991 897 2055; x_wconf 89' lang='lat' dir='ltr'>nominibus</span> <span class='ocrx_word' id='word_1_152' title='bbox 926 1989 1073 2071; x_wconf 83' lang='lat' dir='ltr'>frequen·</span> 
     </span>
    </p>
   </div>
   <div class='ocr_carea' id='block_1_4' title="bbox 14 2083 1100 2254">
    <p class='ocr_par' dir='ltr' id='par_1_9' title="bbox 14 2083 1100 2254">
     <span class='ocr_line' id='line_1_21' title="bbox 14 2083 1100 2254; baseline 0.005 -29"><span class='ocrx_word' id='word_1_153' title='bbox 14 2107 42 2148; x_wconf 54' lang='lat'>²⁰</span> <span class='ocrx_word' id='word_1_154' title='bbox 57 2083 223 2244; x_wconf 33' lang='lat' dir='ltr'>miz-lid</span> <span class='ocrx_word' id='word_1_155' title='bbox 240 2169 352 2254; x_wconf 82' lang='lat' dir='ltr'>igitur&#39;</span> <span class='ocrx_word' id='word_1_156' title='bbox 372 2171 478 2252; x_wconf 87' lang='lat' dir='ltr'>inquit</span> <span class='ocrx_word' id='word_1_157' title='bbox 491 2169 703 2244; x_wconf 84' lang='lat' dir='ltr'>Favorinus</span> <span class='ocrx_word' id='word_1_158' title='bbox 721 2169 818 2231; x_wconf 80' lang='lat' dir='ltr'>‘valet</span> <span class='ocrx_word' id='word_1_159' title='bbox 831 2167 911 2231; x_wconf 91' lang='lat' dir='ltr'>haec</span> <span class='ocrx_word' id='word_1_160' title='bbox 924 2167 1100 2250; x_wconf 80' lang='lat' dir='ltr'>repetitioa</span> 
     </span>
    </p>
   </div>
   <div class='ocr_carea' id='block_1_5' title="bbox 55 2257 1196 2340">
    <p class='ocr_par' dir='ltr' id='par_1_10' title="bbox 55 2257 1196 2340">
     <span class='ocr_line' id='line_1_22' title="bbox 55 2257 1196 2340; baseline -0.004 -18"><span class='ocrx_word' id='word_1_161' title='bbox 55 2258 312 2340; x_wconf 88' lang='lat' dir='ltr'>instauratioque</span> <span class='ocrx_word' id='word_1_162' title='bbox 336 2259 477 2322; x_wconf 91' lang='lat' dir='ltr'>eiusdem</span> <span class='ocrx_word' id='word_1_163' title='bbox 500 2259 546 2322; x_wconf 90' lang='lat' dir='ltr'>rei</span> <span class='ocrx_word' id='word_1_164' title='bbox 570 2258 629 2323; x_wconf 87' lang='lat' dir='ltr'>sub</span> <span class='ocrx_word' id='word_1_165' title='bbox 653 2257 717 2320; x_wconf 85' lang='lat' dir='ltr'>alio</span> <span class='ocrx_word' id='word_1_166' title='bbox 740 2257 870 2320; x_wconf 91' lang='lat' dir='ltr'>nomine</span> <span class='ocrx_word' id='word_1_167' title='bbox 893 2257 926 2319; x_wconf 89' lang='lat' dir='ltr'>iu</span> <span class='ocrx_word' id='word_1_168' title='bbox 952 2257 1073 2319; x_wconf 76' lang='lat' dir='ltr'>‘manu</span> <span class='ocrx_word' id='word_1_169' title='bbox 1191 2311 1196 2319; x_wconf 90' lang='lat'>.</span> 
     </span>
    </p>
   </div>
   <div class='ocr_carea' id='block_1_6' title="bbox 10 2346 1075 3320">
    <p class='ocr_par' dir='ltr' id='par_1_11' title="bbox 10 2346 1075 3320">
     <span class='ocr_line' id='line_1_23' title="bbox 55 2346 1073 2430; baseline -0.002 -20"><span class='ocrx_word' id='word_1_170' title='bbox 55 2346 132 2410; x_wconf 90' lang='lat' dir='ltr'>biis&#39;</span> <span class='ocrx_word' id='word_1_171' title='bbox 157 2350 189 2411; x_wconf 90' lang='lat' dir='ltr'>et</span> <span class='ocrx_word' id='word_1_172' title='bbox 211 2348 246 2411; x_wconf 91' lang='lat' dir='ltr'>in</span> <span class='ocrx_word' id='word_1_173' title='bbox 270 2347 432 2430; x_wconf 68' lang='lat' dir='ltr'>‘praeda&#39;l</span> <span class='ocrx_word' id='word_1_174' title='bbox 459 2370 537 2410; x_wconf 90' lang='lat' dir='ltr'>num</span> <span class='ocrx_word' id='word_1_175' title='bbox 562 2351 663 2430; x_wconf 91' lang='lat' dir='ltr'>omat,</span> <span class='ocrx_word' id='word_1_176' title='bbox 685 2350 722 2410; x_wconf 92' lang='lat' dir='ltr'>ut</span> <span class='ocrx_word' id='word_1_177' title='bbox 744 2346 867 2428; x_wconf 81' lang='lat' dir='ltr'>alioqui</span> <span class='ocrx_word' id='word_1_178' title='bbox 890 2347 981 2427; x_wconf 91' lang='lat' dir='ltr'>solet,</span> <span class='ocrx_word' id='word_1_179' title='bbox 1005 2366 1073 2409; x_wconf 89' lang='lat' dir='ltr'>ora·</span> 
     </span>
     <span class='ocr_line' id='line_1_24' title="bbox 55 2433 1074 2519; baseline -0.003 -20"><span class='ocrx_word' id='word_1_180' title='bbox 55 2436 201 2500; x_wconf 78' lang='lat' dir='ltr'>tionem?</span> <span class='ocrx_word' id='word_1_181' title='bbox 228 2458 306 2500; x_wconf 92' lang='lat' dir='ltr'>num</span> <span class='ocrx_word' id='word_1_182' title='bbox 335 2458 405 2500; x_wconf 92' lang='lat' dir='ltr'>eam</span> <span class='ocrx_word' id='word_1_183' title='bbox 433 2436 680 2500; x_wconf 87' lang='lat' dir='ltr'>modulatiorem</span> <span class='ocrx_word' id='word_1_184' title='bbox 703 2436 925 2519; x_wconf 88' lang='lat' dir='ltr'>aptioremque</span> <span class='ocrx_word' id='word_1_185' title='bbox 946 2433 1074 2498; x_wconf 84' lang='lat' dir='ltr'>reddit?</span> 
     </span>
     <span class='ocr_line' id='line_1_25' title="bbox 13 2524 1073 2609; baseline -0.006 -17"><span class='ocrx_word' id='word_1_186' title='bbox 13 2553 41 2594; x_wconf 79' lang='lat' dir='ltr'>as</span> <span class='ocrx_word' id='word_1_187' title='bbox 56 2547 137 2588; x_wconf 93' lang='lat' dir='ltr'>num</span> <span class='ocrx_word' id='word_1_188' title='bbox 165 2525 317 2589; x_wconf 91' lang='lat' dir='ltr'>onerandi</span> <span class='ocrx_word' id='word_1_189' title='bbox 342 2527 395 2590; x_wconf 85' lang='lat' dir='ltr'>vel</span> <span class='ocrx_word' id='word_1_190' title='bbox 418 2525 630 2609; x_wconf 85' lang='lat' dir='ltr'>exprobrandi</span> <span class='ocrx_word' id='word_1_191' title='bbox 655 2524 797 2589; x_wconf 88' lang='lat' dir='ltr'>criminis</span> <span class='ocrx_word' id='word_1_192' title='bbox 821 2545 915 2588; x_wconf 85' lang='lat' dir='ltr'>causa</span> <span class='ocrx_word' id='word_1_193' title='bbox 938 2545 1073 2608; x_wconf 80' lang='lat' dir='ltr'>exagge-</span> 
     </span>
     <span class='ocr_line' id='line_1_26' title="bbox 56 2612 1074 2698; baseline -0.002 -21"><span class='ocrx_word' id='word_1_194' title='bbox 56 2614 216 2678; x_wconf 87' lang='lat' dir='ltr'>rationem</span> <span class='ocrx_word' id='word_1_195' title='bbox 239 2615 381 2696; x_wconf 85' lang='lat' dir='ltr'>aliquam</span> <span class='ocrx_word' id='word_1_196' title='bbox 400 2615 577 2698; x_wconf 85' lang='lat' dir='ltr'>speciosam</span> <span class='ocrx_word' id='word_1_197' title='bbox 595 2614 695 2680; x_wconf 79' lang='lat' dir='ltr'>facit?</span> <span class='ocrx_word' id='word_1_198' title='bbox 719 2615 801 2678; x_wconf 90' lang='lat' dir='ltr'>sicut</span> <span class='ocrx_word' id='word_1_199' title='bbox 819 2614 855 2676; x_wconf 90' lang='lat' dir='ltr'>in</span> <span class='ocrx_word' id='word_1_200' title='bbox 871 2612 972 2676; x_wconf 94' lang='lat' dir='ltr'>libro</span> <span class='ocrx_word' id='word_1_201' title='bbox 993 2613 1074 2676; x_wconf 90' lang='lat' dir='ltr'>eius-</span> 
     </span>
     <span class='ocr_line' id='line_1_27' title="bbox 43 2701 1074 2787; baseline 0 -22"><span class='ocrx_word' id='word_1_202' title='bbox 43 2701 132 2767; x_wconf 79' lang='lat' dir='ltr'>&#39;dem</span> <span class='ocrx_word' id='word_1_203' title='bbox 163 2701 206 2766; x_wconf 90' lang='lat' dir='ltr'>M.</span> <span class='ocrx_word' id='word_1_204' title='bbox 230 2701 348 2787; x_wconf 83' lang='lat' dir='ltr'>Tulli,</span> <span class='ocrx_word' id='word_1_205' title='bbox 381 2705 437 2785; x_wconf 90' lang='lat' dir='ltr'>qui</span> <span class='ocrx_word' id='word_1_206' title='bbox 470 2704 512 2767; x_wconf 90' lang='lat' dir='ltr'>de</span> <span class='ocrx_word' id='word_1_207' title='bbox 545 2703 817 2767; x_wconf 88' lang='lat' dir='ltr'>constituendo</span> <span class='ocrx_word' id='word_1_208' title='bbox 850 2706 1074 2766; x_wconf 86' lang='lat' dir='ltr'>accusatore</span> 
     </span>
     <span class='ocr_line' id='line_1_28' title="bbox 56 2790 1074 2876; baseline -0.003 -20"><span class='ocrx_word' id='word_1_209' title='bbox 56 2795 121 2873; x_wconf 91' lang='lat' dir='ltr'>est,</span> <span class='ocrx_word' id='word_1_210' title='bbox 143 2814 207 2854; x_wconf 89' lang='lat' dir='ltr'>una</span> <span class='ocrx_word' id='word_1_211' title='bbox 231 2790 404 2875; x_wconf 84' lang='lat' dir='ltr'>eademque</span> <span class='ocrx_word' id='word_1_212' title='bbox 427 2814 478 2857; x_wconf 93' lang='lat' dir='ltr'>res</span> <span class='ocrx_word' id='word_1_213' title='bbox 501 2793 648 2876; x_wconf 91' lang='lat' dir='ltr'>pluribus</span> <span class='ocrx_word' id='word_1_214' title='bbox 671 2791 777 2856; x_wconf 83' lang='lat' dir='ltr'>verbis</span> <span class='ocrx_word' id='word_1_215' title='bbox 801 2790 1007 2855; x_wconf 84' lang='lat' dir='ltr'>vehementer</span> <span class='ocrx_word' id='word_1_216' title='bbox 1029 2793 1074 2853; x_wconf 88' lang='lat' dir='ltr'>at-</span> 
     </span>
     <span class='ocr_line' id='line_1_29' title="bbox 56 2878 1074 2964; baseline -0.002 -20"><span class='ocrx_word' id='word_1_217' title='bbox 56 2902 121 2963; x_wconf 88' lang='lat' dir='ltr'>que</span> <span class='ocrx_word' id='word_1_218' title='bbox 140 2881 292 2945; x_wconf 79' lang='lat' dir='ltr'>atrociter</span> <span class='ocrx_word' id='word_1_219' title='bbox 310 2881 428 2946; x_wconf 86' lang='lat' dir='ltr'>dicitur</span> <span class='ocrx_word' id='word_1_220' title='bbox 444 2881 519 2963; x_wconf 79' lang='lat' dir='ltr'>(dio.</span> <span class='ocrx_word' id='word_1_221' title='bbox 533 2882 570 2945; x_wconf 84' lang='grc' dir='ltr'>ιἰι</span> <span class='ocrx_word' id='word_1_222' title='bbox 585 2880 670 2945; x_wconf 81' lang='lat' dir='ltr'>Coeo.</span> <span class='ocrx_word' id='word_1_223' title='bbox 690 2881 800 2964; x_wconf 84' lang='lat' dir='ltr'><em>V19):</em></span> <span class='ocrx_word' id='word_1_224' title='bbox 823 2878 960 2944; x_wconf 82' lang='lat' dir='ltr'>Sicilia</span> <span class='ocrx_word' id='word_1_225' title='bbox 978 2883 1074 2961; x_wconf 89' lang='lat' dir='ltr'>tota,</span> 
     </span>
     <span class='ocr_line' id='line_1_30' title="bbox 10 2967 1075 3054; baseline -0.008 -16"><span class='ocrx_word' id='word_1_226' title='bbox 10 2999 41 3038; x_wconf 83' lang='lat' dir='ltr'>ao</span> <span class='ocrx_word' id='word_1_227' title='bbox 57 2970 91 3035; x_wconf 90' lang='lat' dir='ltr'>si</span> <span class='ocrx_word' id='word_1_228' title='bbox 114 2992 187 3033; x_wconf 92' lang='lat' dir='ltr'>una</span> <span class='ocrx_word' id='word_1_229' title='bbox 209 2990 301 3034; x_wconf 80' lang='lat' dir='ltr'>voce</span> <span class='ocrx_word' id='word_1_230' title='bbox 324 2972 563 3054; x_wconf 86' lang='lat' dir='ltr'>loqueretur,</span> <span class='ocrx_word' id='word_1_231' title='bbox 584 2971 657 3034; x_wconf 90' lang='lat' dir='ltr'>hoc</span> <span class='ocrx_word' id='word_1_232' title='bbox 678 2969 835 3034; x_wconf 88' lang='lat' dir='ltr'>diceret:</span> <span class='ocrx_word' id='word_1_233' title='bbox 859 2968 959 3052; x_wconf 91' lang='lat' dir='ltr'>quod</span> <span class='ocrx_word' id='word_1_234' title='bbox 978 2967 1075 3051; x_wconf 86' lang='lat' dir='ltr'>auri,</span> 
     </span>
     <span class='ocr_line' id='line_1_31' title="bbox 56 3058 1074 3144; baseline -0.003 -22"><span class='ocrx_word' id='word_1_235' title='bbox 56 3059 159 3143; x_wconf 91' lang='lat' dir='ltr'>quod</span> <span class='ocrx_word' id='word_1_236' title='bbox 186 3060 352 3144; x_wconf 83' lang='lat' dir='ltr'>argenti,</span> <span class='ocrx_word' id='word_1_237' title='bbox 380 3059 480 3143; x_wconf 91' lang='lat' dir='ltr'>quod</span> <span class='ocrx_word' id='word_1_238' title='bbox 504 3063 814 3123; x_wconf 90' lang='lat' dir='ltr'>ornamentorum</span> <span class='ocrx_word' id='word_1_239' title='bbox 837 3058 877 3121; x_wconf 91' lang='lat' dir='ltr'>in</span> <span class='ocrx_word' id='word_1_240' title='bbox 898 3058 991 3120; x_wconf 91' lang='lat' dir='ltr'>meis</span> <span class='ocrx_word' id='word_1_241' title='bbox 1014 3078 1074 3119; x_wconf 90' lang='lat' dir='ltr'>ur-</span> 
     </span>
     <span class='ocr_line' id='line_1_32' title="bbox 55 3144 1074 3231; baseline -0.004 -19"><span class='ocrx_word' id='word_1_242' title='bbox 55 3147 185 3231; x_wconf 89' lang='lat' dir='ltr'>bibus,</span> <span class='ocrx_word' id='word_1_243' title='bbox 218 3147 387 3230; x_wconf 89' lang='lat' dir='ltr'>sedibus,</span> <span class='ocrx_word' id='word_1_244' title='bbox 420 3149 591 3212; x_wconf 90' lang='lat' dir='ltr'>delubris</span> <span class='ocrx_word' id='word_1_245' title='bbox 623 3148 705 3211; x_wconf 88' lang='lat' dir='ltr'>fuit.</span> <span class='ocrx_word' id='word_1_246' title='bbox 756 3146 841 3210; x_wconf 90' lang='lat' dir='ltr'>Nam</span> <span class='ocrx_word' id='word_1_247' title='bbox 874 3167 947 3210; x_wconf 91' lang='lat' dir='ltr'>cum</span> <span class='ocrx_word' id='word_1_248' title='bbox 979 3144 1074 3208; x_wconf 90' lang='lat' dir='ltr'>urbes</span> 
     </span>
     <span class='ocr_line' id='line_1_33' title="bbox 56 3234 1074 3320; baseline -0.006 -18"><span class='ocrx_word' id='word_1_249' title='bbox 56 3237 159 3302; x_wconf 91' lang='lat' dir='ltr'>semel</span> <span class='ocrx_word' id='word_1_250' title='bbox 189 3240 275 3301; x_wconf 88' lang='lat' dir='ltr'>totas</span> <span class='ocrx_word' id='word_1_251' title='bbox 304 3237 451 3320; x_wconf 85' lang='lat' dir='ltr'>dixisset,</span> <span class='ocrx_word' id='word_1_252' title='bbox 484 3238 573 3301; x_wconf 90' lang='lat' dir='ltr'>sedes</span> <span class='ocrx_word' id='word_1_253' title='bbox 601 3236 797 3318; x_wconf 90' lang='lat' dir='ltr'>delubraque</span> <span class='ocrx_word' id='word_1_254' title='bbox 825 3234 959 3316; x_wconf 90' lang='lat' dir='ltr'>addidit,</span> <span class='ocrx_word' id='word_1_255' title='bbox 993 3255 1074 3316; x_wconf 90' lang='lat' dir='ltr'>quae</span> 
     </span>
    </p>
   </div>
   <div class='ocr_carea' id='block_1_7' title="bbox 53 3425 1098 3645">
    <p class='ocr_par' dir='ltr' id='par_1_12' title="bbox 53 3425 1098 3645">
     <span class='ocr_line' id='line_1_34' title="bbox 129 3425 1076 3500; baseline -0.007 -17"><span class='ocrx_word' id='word_1_256' title='bbox 129 3436 144 3483; x_wconf 93' lang='lat'>1</span> <span class='ocrx_word' id='word_1_257' title='bbox 161 3429 188 3484; x_wconf 87' lang='lat' dir='ltr'>d.</span> <span class='ocrx_word' id='word_1_258' title='bbox 203 3429 240 3500; x_wconf 88' lang='lat' dir='ltr'>v.]</span> <span class='ocrx_word' id='word_1_259' title='bbox 252 3444 378 3483; x_wconf 87' lang='lat' dir='ltr'>censores</span> <span class='ocrx_word' id='word_1_260' title='bbox 388 3431 462 3484; x_wconf 82' lang='lat' dir='ltr'>Non.</span> <span class='ocrx_word' id='word_1_261' title='bbox 477 3432 485 3499; x_wconf 70' lang='lat' dir='ltr'>lt</span> <span class='ocrx_word' id='word_1_262' title='bbox 500 3435 516 3484; x_wconf 88' lang='lat'>8</span> <span class='ocrx_word' id='word_1_263' title='bbox 530 3429 592 3483; x_wconf 92' lang='lat' dir='ltr'>loco</span> <span class='ocrx_word' id='word_1_264' title='bbox 604 3431 628 3483; x_wconf 76' lang='grc' dir='ltr'><em>δ</em></span> <span class='ocrx_word' id='word_1_265' title='bbox 633 3435 649 3482; x_wconf 85' lang='grc'><strong>0</strong></span> <span class='ocrx_word' id='word_1_266' title='bbox 663 3431 672 3500; x_wconf 87' lang='grc' dir='ltr'>ΙΙ</span> <span class='ocrx_word' id='word_1_267' title='bbox 689 3434 720 3482; x_wconf 86' lang='grc'>13</span> <span class='ocrx_word' id='word_1_268' title='bbox 735 3425 813 3496; x_wconf 78' lang='grc' dir='ltr'><strong><em>ἥκειν</em></strong></span> <span class='ocrx_word' id='word_1_269' title='bbox 823 3429 910 3481; x_wconf 80' lang='lat' dir='ltr'>Arist.</span> <span class='ocrx_word' id='word_1_270' title='bbox 924 3428 938 3495; x_wconf 71' lang='lat' dir='ltr'>tl</span> <span class='ocrx_word' id='word_1_271' title='bbox 949 3431 985 3479; x_wconf 73' lang='lat'>14</span> <span class='ocrx_word' id='word_1_272' title='bbox 999 3427 1076 3490; x_wconf 57' lang='grc' dir='ltr'>ΔΜ</span> 
     </span>
     <span class='ocr_line' id='line_1_35' title="bbox 55 3499 1098 3575; baseline -0.003 -18"><span class='ocrx_word' id='word_1_273' title='bbox 55 3501 98 3558; x_wconf 71' lang='lat' dir='ltr'>ort</span> <span class='ocrx_word' id='word_1_274' title='bbox 114 3507 134 3554; x_wconf 82' lang='lat' dir='ltr'><strong>z</strong></span> <span class='ocrx_word' id='word_1_275' title='bbox 148 3503 158 3571; x_wconf 72' lang='grc' dir='ltr'>ΙΙ</span> <span class='ocrx_word' id='word_1_276' title='bbox 173 3505 206 3553; x_wconf 80' lang='grc'>17</span> <span class='ocrx_word' id='word_1_277' title='bbox 225 3499 272 3554; x_wconf 90' lang='lat' dir='ltr'>uel</span> <span class='ocrx_word' id='word_1_278' title='bbox 285 3503 365 3568; x_wconf 78' lang='lat' dir='ltr'>prius</span> <span class='ocrx_word' id='word_1_279' title='bbox 379 3517 429 3555; x_wconf 88' lang='lat' dir='ltr'>om.</span> <span class='ocrx_word' id='word_1_280' title='bbox 443 3504 535 3555; x_wconf 74' lang='lat' dir='ltr'>non</span> <span class='ocrx_word' id='word_1_281' title='bbox 544 3501 554 3572; x_wconf 82' lang='grc' dir='ltr'>ΙΙ</span> <span class='ocrx_word' id='word_1_282' title='bbox 569 3505 603 3554; x_wconf 84' lang='grc'>18</span> <span class='ocrx_word' id='word_1_283' title='bbox 623 3500 691 3575; x_wconf 77' lang='lat' dir='ltr'>cel]</span> <span class='ocrx_word' id='word_1_284' title='bbox 706 3499 876 3556; x_wconf 80' lang='lat' dir='ltr'>uenerande</span> <span class='ocrx_word' id='word_1_285' title='bbox 888 3499 989 3566; x_wconf 57' lang='lat' dir='ltr'>letan</span> <span class='ocrx_word' id='word_1_286' title='bbox 1008 3509 1098 3554; x_wconf 55' lang='lat' dir='ltr'>exaa-</span> 
     </span>
     <span class='ocr_line' id='line_1_36' title="bbox 53 3572 509 3645; baseline -0.004 -15"><span class='ocrx_word' id='word_1_287' title='bbox 53 3572 269 3645; x_wconf 82' lang='lat' dir='ltr'>generacionem</span> <span class='ocrx_word' id='word_1_288' title='bbox 285 3576 345 3630; x_wconf 77' lang='lat' dir='ltr'>oet</span> <span class='ocrx_word' id='word_1_289' title='bbox 356 3579 389 3627; x_wconf 76' lang='lat' dir='ltr'>ut</span> <span class='ocrx_word' id='word_1_290' title='bbox 400 3574 453 3628; x_wconf 81' lang='grc' dir='ltr'><strong><em>αι’ά.</em></strong></span> <span class='ocrx_word' id='word_1_291' title='bbox 469 3573 509 3628; x_wconf 84' lang='lat' dir='ltr'>x¹</span> 
     </span>
    </p>
   </div>
   <div class='ocr_carea' id='block_1_8' title="bbox 0 0 1224 3878">
    <p class='ocr_par' dir='ltr' id='par_1_13' title="bbox 0 0 1224 3878">
     <span class='ocr_line' id='line_1_37' title="bbox 0 0 1224 3878; baseline 0 3"><span class='ocrx_word' id='word_1_292' title='bbox 0 0 1224 3878; x_wconf 95' lang='lat' dir='ltr'> </span> 
     </span>
    </p>
   </div>
  </div>
 </body>
</html>
