2438 3878
151 175 214 240 160
579 173 643 228 XVI
662 180 691 240 a;
712 181 727 227 ³

148 338 241 402 istius
264 341 519 423 propugnatores
541 337 576 401 in
598 337 654 401 illa
673 337 876 419 captiuncula
894 336 1028 419 facient,
1052 339 1090 402 in
1109 359 1169 421 qua

148 427 277 491 haerere
302 448 356 491 eos
376 447 542 491 necessum
561 430 618 508 est,
642 427 669 490 si
687 424 769 489 nihil
787 426 935 508 amplius,
958 447 1062 509 quam
1084 428 1169 510 quod

124 516 338 600 ointerrogati
361 520 463 598 erunt,
484 515 728 598 responderint?
772 512 857 578 Nam
882 515 909 579 si
932 515 978 579 ita
1004 537 1069 600 ego
1095 517 1168 581 isto

149 627 221 668 rum
239 606 379 687 aliquem
397 625 521 689 rogem:
541 602 712 686 ‘Quicquid
727 624 794 667 non
807 603 985 686 perdidisti,
1004 603 1168 670 habeasne

149 716 191 758 an
212 715 279 757 non
300 693 427 775 habeas,
450 693 579 776 postulo
602 697 639 756 ut
661 692 728 756 aias
749 696 805 756 aut
822 693 941 776 neges',
964 697 1195 758 utrumcumt

107 799 139 848 10
150 805 212 865 que
235 782 374 846 breviter
395 781 608 865 responderit,
632 782 782 864 capietur.
828 779 912 845 Nam
938 782 965 846 si
989 781 1116 848 habere
1138 805 1167 848 se

149 872 327 956 negaverit,
359 871 446 952 quod
474 891 540 934 non
567 870 719 953 perdidit,
751 870 922 954 colligetur
950 872 1067 936 oculos
1098 895 1167 937 eum

149 982 216 1024 non
247 960 377 1044 habere,
410 981 490 1042 quos
521 981 587 1023 non
618 959 770 1042 perdidit,
802 960 853 1023 sin
879 981 955 1023 vero
983 960 1110 1026 habere
1138 984 1167 1026 sc

150 1049 279 1131 dixerit,
307 1047 476 1134 colligetur
503 1047 620 1112 habere
644 1071 717 1112 eum
740 1069 872 1130 cornua,
900 1069 982 1130 quae
1007 1071 1079 1114 non
1103 1073 1166 1134 per·

107 1155 138 1201 11
151 1138 239 1201 didit.
293 1137 425 1202 Rectius
461 1137 561 1222 igitur
598 1137 786 1219 cautiusque
821 1137 868 1201 ita
903 1139 1165 1220 respondebitur:
1176 1162 1193 1202 a

107 1244 139 1290 12
152 1225 323 1309 ‘Quicquid
349 1226 461 1308 habui,
490 1227 524 1290 id
550 1225 667 1309 habeo,
695 1226 723 1289 si
749 1225 783 1288 id
809 1246 876 1288 non
903 1226 1053 1309 perdidi.'
1110 1226 1166 1293 Sed

149 1315 371 1380 huiuscemodi
393 1315 559 1399 responsio
582 1336 648 1378 non
671 1314 709 1378 fit
732 1336 771 1377 er
793 1336 830 1378 ea
852 1315 938 1398 lege,
963 1337 1067 1398 quam
1092 1318 1166 1381 dixi-

150 1427 235 1488 mus3
267 1404 340 1487 plus
368 1403 468 1487 enim,
495 1425 592 1486 quam
620 1403 707 1486 quod
733 1407 865 1488 rogatus
893 1407 955 1486 est,
982 1408 1164 1490 respondet.

108 1509 140 1557 13
150 1492 324 1576 Propterea
355 1493 389 1555 id
420 1513 547 1575 quoque
579 1493 620 1556 ad
652 1514 722 1555 eam
753 1493 858 1576 legem
885 1492 961 1557 addi
989 1497 1079 1560 solet
1106 1517 1166 1560 non

151 1603 220 1647 esse
243 1581 394 1664 captiosis
417 1578 722 1665 interrogationibus
745 1581 1014 1664 respondendum.
1175 1606 1192 1646 s

632 1756 681 1821 ΙΠ

151 1879 278 1946 Quanam
304 1879 414 1933 ratione
437 1877 511 1933 effici
535 1879 638 1934 dixerit
659 1879 855 1945 Erasistratus¹
868 1881 1011 1950 medicus,
1041 1883 1068 1936 si
1093 1884 1166 1938 cibus

185 1951 258 2006 forte
277 1951 374 2017 deerit,
392 1952 425 2004 ut
442 1950 557 2004 tolerari
574 1950 779 2020 aliquantisper
792 1950 888 2005 inedia
901 1952 995 2020 possit
1010 1956 1041 2006 et
1054 1954 1166 2009 tolerari

187 2023 289 2090 fames3
308 2023 447 2089 verbaque
465 2022 528 2090 ipsa
546 2021 711 2076 Erasistrati
730 2039 814 2091 super
831 2038 865 2076 ea
882 2039 913 2077 rc
932 2024 1052 2093 scripta.

126 2167 140 2214 1
219 2147 299 2213 Cum
322 2149 511 2213 Favorino
535 2149 657 2214 Romae
685 2150 751 2214 dies
775 2149 964 2232 plerumque
988 2154 1082 2218 totos
1108 2174 1193 2218 era-s

151 2261 237 2322 mus,
263 2239 457 2321 tenebatque
484 2239 608 2303 animos
633 2242 761 2302 nostros
783 2237 881 2302 homo
905 2238 960 2303 ille
984 2241 1081 2306 fandi
1105 2243 1167 2306 dul-

152 2328 312 2409 cissimus,
344 2332 440 2409 atque
472 2349 559 2410 eum,
592 2349 721 2410 quoquo
753 2327 826 2410 iret,
859 2329 951 2410 quasi
984 2351 1028 2393 ex
1057 2332 1167 2418 lingua

151 2437 299 2499 prorsum
323 2415 390 2479 eius
414 2417 500 2498 capti
523 2416 807 2499 prosequebamur,
829 2417 875 2480 ita
894 2419 1104 2484 sermonibus
1122 2442 1167 2484 us-

125 2521 341 2586 2quequaque
369 2505 602 2569 amoenissimis
630 2505 836 2569 demulcebat.
887 2504 971 2568 Tum
1000 2509 1044 2572 ad
1074 2531 1166 2593 quen-

152 2593 226 2656 dam
258 2613 389 2677 aegrmn
423 2613 495 2656 cum
527 2594 604 2658 isset
635 2595 736 2659 visere
768 2615 890 2676 nosque
923 2614 999 2659 cum
1035 2618 1074 2661 eo
1108 2617 1193 2662 unae

151 2681 372 2756 introissemus
395 2682 560 2764 multaque
583 2683 624 2747 ad
646 2683 795 2764 medicos,
818 2683 874 2764 qui
897 2687 967 2746 tum
991 2685 1081 2750 forts
1099 2687 1167 2752 istic

152 2773 255 2853 erant,
277 2770 463 2835 valitudinis
489 2772 556 2835 eius
580 2773 683 2857 gratia
706 2771 850 2835 oratione
874 2769 996 2836 Graeca
1022 2775 1166 2840 dixisset:

152 2858 201 2922 ‘ac
223 2880 263 2921 ne
285 2858 347 2922 hoc
371 2859 499 2941 quidem
522 2860 651 2924 mirum'
674 2861 779 2943 inquit
803 2860 915 2924 ‘videri
938 2862 1050 2947 debet,
1076 2865 1166 2949 quod,

223 3076 240 3122 4
258 3068 348 3123 XVlII
363 3074 387 3137 2,
403 3074 418 3122 9
527 3075 560 3123 25
579 3069 640 3124 Ter.
655 3071 723 3125 Hec.
739 3075 788 3125 189
808 3070 888 3124 Lucr.
902 3070 942 3125 VI
956 3077 1030 3127 1236

223 3271 239 3318 3
263 3267 508 3336 interrogauerunt
531 3267 573 3334 dl
589 3265 645 3319 ista
664 3268 737 3335 (1115
759 3266 803 3336 ut]
827 3281 863 3318 au
883 3271 908 3317 x
932 3269 983 3320 aut
1001 3268 1162 3339 ΕὀΠΧἾ

151 3338 384 3406 utrumquemque
399 3337 509 3405 112116
524 3337 548 3390 si
561 3353 619 3390 non
631 3337 735 3391 habere
750 3358 771 3389 ω
790 3353 846 3389 non
860 3337 910 3391 del.
928 3337 1046 3410 Gruppe
1060 3343 1070 3412 ΙΙ
1086 3349 1102 3396 7
1116 3359 1164 3396 non

152 3409 248 3468 omo1
261 3413 270 3477 ΙΙ
284 3415 300 3462 8
315 3409 421 3476 quode
435 3410 444 3478 ΙΙ
458 3413 473 3461 9
485 3407 587 3478 collige
596 3410 656 3461 tuz
669 3410 678 3478 ΙΙ
694 3414 724 3461 11
736 3408 923 3476 perdidissem
932 3412 1042 3482 (sseZ)
1055 3413 1115 3468 hui.
1125 3415 1146 3468 d
1155 3411 1164 3481 l

152 3483 188 3530 14
204 3477 312 3551 Propt]
330 3484 350 3539 Q
368 3479 406 3532 Et
418 3480 510 3548 propt.
527 3499 547 3531 ω
561 3483 571 3549 ΙΙ
585 3485 617 3533 19
636 3480 785 3534 uerborum
799 3480 822 3532 d
835 3480 844 3548 ΙΙ
859 3485 892 3532 23
912 3481 974 3549 apti
988 3483 1163 3554 Stephanus!

139 3554 177 3601 28
195 3557 306 3606 annez
