2438 3878
162 170 225 235 186
607 171 671 224 XVI
691 176 723 225 19

156 335 373 418 pecuniaeque
415 333 548 419 cupidos
588 334 709 418 cepisse
746 333 917 398 consilium
954 335 997 399 de
1034 335 1182 399 necando

113 444 147 492 10
157 420 286 488 Arione.
335 422 418 487 Tum
450 424 544 487 illum
571 422 617 487 ibi
644 423 784 507 pernicie
812 423 978 487 intellecta
1007 423 1181 507 pecuniam

157 517 324 596 ceteraque
352 534 422 596 sua,
449 516 486 576 ut
508 511 676 595 haberent,
704 512 839 595 dedisse,
867 512 967 576 vitam
993 513 1099 577 modo
1123 513 1181 577 sibi

113 605 194 671 11ut
225 605 405 686 parcerent,
438 601 585 666 oravisse.
634 600 769 666 Navitas
801 622 934 685 precum
962 601 1035 665 eius
1066 601 1178 666 harum

157 691 408 755 commiseritum
432 712 501 755 esse
523 691 701 773 illactenus,
723 695 761 754 ut
783 690 813 754 ei
835 711 947 755 necem
971 691 1106 755 adferre
1126 713 1205 776 pers

156 780 222 844 vim
254 779 320 844 suis
352 779 499 843 manibus
531 782 759 863 temperarent,
794 779 851 843 sed
882 780 1115 863 imperavisse,
1145 783 1176 844 ut

112 890 145 939 12
157 869 220 933 iam
244 868 353 932 statim
377 889 484 932 coram
508 868 649 933 desiliret
672 888 823 951 praeceps
847 867 882 931 in
900 891 999 933 mare.
1045 868 1174 933 ‘Homo'

156 958 262 1041 inquit
295 957 352 1021 ‘ibi
383 957 513 1023 temtus
546 980 602 1040 spe
630 958 718 1021 omni
746 957 830 1042 vitae
858 957 986 1040 perdita
1015 959 1050 1022 id
1081 980 1173 1023 unum

155 1050 267 1130 postea
300 1046 416 1129 oravit,
447 1050 498 1129 ut,
529 1046 716 1129 priusquam
747 1049 884 1110 mortem
913 1046 1103 1132 obpeteret,
1133 1048 1172 1110 in-

156 1136 252 1200 duere
279 1136 501 1219 permitterent
528 1157 586 1199 sua
609 1134 671 1199 sibi
694 1136 802 1199 omnia
824 1134 1018 1200 indumenta
1042 1140 1078 1203 et
1101 1137 1199 1201 fidesu

156 1246 268 1308 capere
296 1228 328 1288 et
355 1244 467 1289 canere
495 1245 623 1289 carmen
650 1245 742 1289 casus
770 1224 858 1288 illius
886 1225 937 1288 sni
965 1226 1170 1292 consolabile.

112 1334 144 1382 13
154 1311 253 1378 Feros
286 1317 319 1377 et
348 1313 493 1377 inmanes
521 1314 645 1378 navitas
672 1313 858 1397 prolubium
886 1317 998 1378 tamen
1026 1314 1171 1380 audiendi

112 1422 145 1471 14
155 1402 256 1486 subit3
288 1402 375 1484 quod
408 1406 566 1486 oraverat,
598 1403 757 1486 impetrat.
807 1399 918 1485 Atque
948 1402 997 1467 ibi
1030 1427 1111 1469 mox
1139 1404 1170 1467 de

154 1512 244 1555 more
274 1491 411 1574 cinctus,
443 1492 592 1574 amictus,
625 1495 756 1556 ornatus
785 1495 938 1575 stansque
966 1492 1003 1557 in
1032 1514 1171 1559 summae

111 1689 144 1738 1,
154 1579 527 1732 resistatur
540 1580 1170 1752 irtalralrarrrrl
1180 1605 1197 1645 ¹⁵

155 1760 333 1841 ornatuque
366 1758 467 1840 omni,
499 1758 583 1822 siout
615 1758 721 1822 stabat
753 1758 966 1842 canebatque,
999 1761 1082 1826 iecit
1111 1782 1170 1825 sese

154 1847 268 1929 procul
303 1847 338 1910 in
374 1847 578 1930 profundum.
632 1845 769 1912 Navitae
805 1846 1056 1932 hautquaquam
1091 1850 1171 1915 dubi-

154 1939 273 2019 tantes,
301 1935 380 2019 quin
402 1937 549 2019 perisset,
577 1956 719 2018 cursum,
743 1957 837 2019 quem
860 1936 966 2001 facere
992 1942 1171 2024 coeperant,

110 2028 333 2093 retenderunt.
390 2023 452 2090 Sed
487 2046 608 2089 novum
643 2030 676 2090 et
707 2026 825 2089 mirum
857 2028 890 2089 et
922 2027 1017 2109 pium
1052 2028 1198 2094 facinusu

154 2115 311 2199 contigit?
361 2113 559 2198 Delphinum
591 2117 722 2198 repente
754 2111 838 2178 inter
867 2115 971 2179 undas
1007 2118 1171 2183 adnavisse

153 2203 357 2286 fluitantique
394 2225 463 2268 sese
498 2204 623 2268 homini
660 2203 838 2267 subdidisse
874 2207 907 2266 et
943 2203 1046 2270 dorso
1084 2229 1172 2291 super

153 2292 270 2357 fluctus
302 2292 388 2357 edito
420 2293 596 2358 vectavisse
628 2290 845 2375 incolumique
874 2313 948 2355 eum
977 2315 1120 2380 corpore
1145 2299 1172 2360 et

110 2402 142 2450 17
154 2384 269 2445 ornatu
284 2380 462 2445 Taenarum
481 2383 516 2445 in
533 2385 651 2446 terram
665 2381 857 2446 Laconicam
876 2380 1057 2449 devexisse.
1097 2385 1170 2449 Tum

152 2467 307 2533 Arionem
335 2490 465 2552 prorsus
494 2492 533 2534 ex
560 2491 598 2535 eo
625 2470 698 2534 loco
724 2468 914 2534 Corinthum
942 2473 1107 2554 petivisse
1132 2479 1197 2538 tas

152 2559 280 2640 lemque
302 2557 476 2623 Periandro
504 2560 587 2644 regi,
615 2559 718 2642 qualis
745 2559 897 2642 delphino
921 2565 1039 2626 vectus
1064 2564 1171 2644 fuerat,

152 2647 334 2730 inopinanti
364 2668 434 2711 sese
461 2649 616 2732 optulisse
644 2649 737 2731 eique
764 2671 844 2732 rem,
877 2647 975 2713 sicuti
1005 2653 1171 2732 acciderat

109 2755 142 2805 18
152 2736 338 2800 narravisse.
383 2735 506 2820 Regem
532 2737 631 2801 istaec
654 2759 769 2820 parum
792 2736 979 2820 credidisse,
1009 2739 1170 2823 Arionem,

108 2845 142 2894 19
153 2825 245 2908 quasi
267 2825 406 2908 falleret,
428 2826 583 2890 custodiri
605 2827 744 2910 iussisse,
768 2826 893 2890 navitas
916 2827 1103 2910 inquisitos
1125 2831 1170 2895 ab

151 2915 259 2999 legato
286 2911 408 2978 Arione
440 2914 679 2980 dissimulanter
709 2915 937 3000 interrogasse,
972 2920 1096 3004 ecquid
1124 2943 1196 2984 aua

107 3003 274 3071 audissent
296 3003 331 3067 in
353 3003 404 3068 bis
427 3003 516 3086 locis,
539 3005 623 3068 unde
646 3005 817 3087 venissent,
840 3026 937 3087 super
955 3003 1102 3094 Arione;
1124 3030 1169 3074 eos

152 3091 269 3156 dixisse
291 3093 466 3176 hominem,
489 3113 562 3156 oum
585 3093 659 3157 inde
682 3093 775 3176 irent,
797 3093 832 3156 in
851 3097 937 3157 terra
956 3092 1059 3162 Italia
1078 3101 1169 3164 fuisse

151 3201 288 3263 eumque
311 3182 378 3245 illic
401 3181 482 3246 bene
505 3182 627 3266 agitare
651 3186 683 3246 et
703 3182 817 3246 studiis
837 3183 1168 3272 delectationibusque

224 3417 255 3465 13
275 3411 331 3465 sibi
350 3416 368 3462 z
391 3409 433 3463 ibi
451 3410 534 3464 homo
552 3415 578 3462 x
595 3417 621 3465 et
634 3428 657 3465 o.
673 3411 690 3464 l.
705 3412 737 3464 ia
751 3416 769 3462 0
784 3413 794 3481 l
808 3416 841 3463 17
860 3427 891 3465 se
909 3429 1021 3481 pronus
1038 3418 1150 3473 omasus
1159 3413 1167 3485 l

68 3522 72 3533 .
142 3488 177 3535 21
198 3483 343 3553 contingit
354 3481 419 3536 1¹2
431 3484 442 3552 ΙΙ
456 3486 490 3536 27
504 3481 667 3553 inopinanti
679 3497 764 3552 ooay
779 3483 792 3552 t
805 3487 838 3536 28
853 3482 902 3536 isti
917 3501 945 3552 p.
960 3491 989 3540 x
1002 3487 1101 3560 ist(a)e
1113 3503 1167 3560 gre·

68 3548 194 3652 *turn
209 3555 263 3624 dp
273 3559 310 3608 29
329 3555 491 3624 requisitos
505 3575 525 3629 γ
538 3557 550 3628 ll
565 3561 599 3612 30
619 3556 651 3611 et
669 3553 743 3625 quid
755 3575 776 3608 a
787 3559 849 3624 qen
863 3554 976 3609 undet
