2438 3878
577 189 650 246 Xlo
1101 193 1119 255 7

108 358 157 419 est
184 375 248 419 non
276 375 428 438 praeceps
455 376 559 438 neque
587 355 698 420 iudicii
725 357 775 419 sui
802 355 969 442 prodigus,
997 356 1048 420 his
1072 356 1145 421 uti·

108 443 214 508 verbis
252 443 378 528 debeat,
415 443 532 526 quibus
570 448 732 508 auctorem
768 444 992 529 philosophiae
1026 446 1120 510 istius

107 532 316 617 Pyrronem
339 555 407 597 esse
430 553 525 598 usum
549 533 692 598 tradunt:
716 533 756 598 οὐ
780 537 906 618 μᾶλλον
930 534 1034 610 οὕτως
1054 531 1120 636 ἔχει

106 622 184 688 τόδε
209 620 230 705 ἦ
257 621 387 699 ἐκείνως
409 619 430 704 d
454 619 647 706 οὐθετίρως.
692 620 815 687 Indicia
838 623 924 687 enim
946 623 993 688 rei
1017 645 1120 688 curus-

78 733 169 794 sque
206 715 239 775 et
274 711 412 775 sinceras
443 712 656 796 proprietates
687 715 808 796 negant
839 733 934 796 posse
965 713 1056 777 nosci
1088 717 1120 777 et

107 799 243 885 percipi,
276 800 371 883 idque
403 801 509 884 ipsum
542 800 654 865 docere
687 805 782 884 atque
814 801 980 866 ostendere
1008 802 1119 865 multis

105 888 212 953 modis
245 893 408 954 conantur.
460 888 562 972 Super
594 911 658 972 qua
688 912 723 953 ro
750 887 962 954 Favorinus
991 884 1148 975 quoquot

107 977 151 1061 (p.
166 982 210 1042 88
223 979 308 1062 Mc)
329 978 537 1042 subtilissime
560 979 828 1064 argutissimeque
852 980 978 1044 decem
996 978 1119 1044 libros

107 1067 302 1151 composuit,
326 1088 407 1150 quos
431 1069 698 1152 Πυρρωνείων
721 1070 875 1152 τρόπων
897 1069 1052 1133 inscribit.

65 1182 93 1223 ro
173 1154 277 1220 Vetus
314 1159 421 1220 autem
459 1157 604 1239 quaestio
642 1160 674 1221 et
709 1178 728 1220 a
764 1157 875 1221 multis
909 1157 1145 1241 scriptoribuse

106 1243 235 1310 Graecis
262 1248 412 1328 tractata,
440 1267 483 1309 an
510 1245 588 1327 quid
615 1248 647 1309 et
675 1248 831 1328 quantum
854 1244 1063 1328 Pyrronios
1087 1251 1119 1311 et

105 1332 354 1399 Academicos
399 1334 611 1418 philosophos
656 1334 690 1398 in
706 1335 790 1398 ersit.
853 1333 991 1418 Vtrique
1033 1335 1118 1399 enim

105 1426 287 1507 σκεπτικοί,
325 1422 504 1507 ἐφεκτικοί,
541 1421 734 1508 ἀπορητικοί
766 1424 928 1508 dicuntur,
966 1425 1118 1508 quoniam

104 1513 233 1596 utrique
260 1511 344 1576 nihil
372 1513 541 1576 adfirmant
567 1511 712 1595 nihilque
740 1512 968 1596 comprehendi
994 1517 1118 1598 putant.

62 1625 90 1667 rs
105 1598 170 1665 Sed
193 1622 232 1664 ex
256 1601 405 1666 omnibus
429 1601 524 1665 rebus
546 1601 680 1684 proinde
703 1601 771 1666 visa
795 1601 905 1666 dicunt
928 1602 1011 1687 fieri,
1039 1625 1118 1686 quas

104 1693 289 1773 φαντασίας
321 1690 498 1775 appellant,
530 1711 596 1754 non
627 1693 664 1753 ut
695 1713 803 1755 rerum
835 1692 977 1774 ipsarum
1004 1696 1119 1756 natura

104 1782 167 1863 est,
200 1779 256 1844 sed
283 1782 319 1843 ut
347 1779 484 1844 adfectio
512 1780 613 1843 animi
639 1780 821 1864 corporisve
848 1784 897 1845 est
924 1802 1048 1865 eorum,
1077 1782 1118 1845 ad

103 1889 186 1951 quos
214 1889 251 1932 ea
277 1869 346 1933 visa
372 1869 504 1952 perveni
549 1872 571 1933 t.
621 1867 734 1952 Itaque
763 1890 872 1933 omnes
900 1870 1031 1934 omnino
1058 1888 1144 1954 rear

103 1978 187 2040 quaa
215 1979 326 2021 sensus
353 1956 521 2022 hominum
549 1961 694 2041 movent,
721 1968 789 2023 τῶν
815 1961 898 2043 πρός
924 1980 956 2022 τι
981 1981 1049 2023 esse
1073 1959 1118 2022 di-

62 2071 89 2112 ro
103 2049 190 2111 cunt.
231 2042 270 2110 Id
292 2046 426 2111 verbum
450 2046 612 2133 significat
634 2045 717 2111 nihil
740 2068 808 2111 esse
827 2047 1007 2130 quicquam,
1031 2048 1118 2131 quod

103 2157 144 2199 ex
167 2156 236 2200 sese
259 2139 393 2220 constet,
416 2155 475 2200 nec
498 2136 585 2219 quod
606 2135 723 2200 habeat
745 2136 811 2199 rim
830 2136 993 2219 propriam
1013 2139 1044 2200 et
1063 2159 1117 2200 na-

102 2228 224 2308 turam,
252 2226 308 2289 sed
333 2225 441 2289 omnia
463 2245 612 2308 prorsum
636 2225 675 2288 ad
698 2224 820 2308 aliquid
841 2224 952 2288 referri
975 2224 1116 2309 taliaque

101 2313 214 2397 videri,
237 2313 342 2397 qualis
366 2314 408 2378 sit
432 2334 543 2378 eorum
566 2313 697 2397 species,
721 2313 798 2377 dum
816 2313 973 2398 videntur,
997 2314 1117 2398 qualia-

102 2423 166 2486 que
195 2402 279 2486 apud
307 2424 418 2466 sensus
446 2405 587 2485 nostros,
615 2423 678 2485 quo
706 2406 932 2486 pervenerunt,
960 2407 1116 2488 creantur,

62 2516 88 2558 a
102 2512 170 2555 non
193 2492 279 2575 apud
302 2513 379 2576 sese,
402 2491 487 2555 unde
509 2491 653 2574 profecta
677 2495 758 2555 sunt.
804 2489 884 2556 Cum
907 2491 986 2556 haec
1009 2497 1143 2558 autema

102 2580 314 2645 consimiliter
342 2585 408 2644 tam
430 2579 612 2664 Pyrronii
635 2580 743 2644 dicant
766 2603 861 2664 quam
884 2579 1116 2665 Academici,

102 2669 230 2734 differre
257 2672 366 2733 tamen
392 2670 476 2733 inter
504 2691 571 2733 sese
599 2671 631 2733 et
658 2673 791 2752 propter
816 2669 879 2734 alia
905 2670 1061 2754 quaedam
1085 2675 1116 2736 et

102 2789 317 2796 ——..-—

176 2850 209 2898 13
227 2844 309 2915 Diog.
324 2844 354 2898 L.
369 2844 407 2898 IX
422 2850 464 2912 11,
479 2849 496 2898 8
510 2846 565 2914 (69)
691 2850 723 2898 16
734 2861 773 2911 sq.
793 2844 856 2897 XIX
871 2851 894 2907 1,
911 2851 944 2899 16
964 2845 1019 2900 Cic.
1035 2847 1113 2899 acad.

100 2917 114 2971 Ι
130 2921 222 2984 11,1ο
239 2917 266 2970 11
280 2923 304 2984 e,
321 2921 353 2969 rs
373 2913 1114 2984 (1111111119ΧΠ1ο,611111.ΧΝ11,18Μ111

101 3005 190 3042 somn.
205 2987 218 3040 Ι
233 2993 257 3056 a,
272 2993 301 3054 ω
318 2993 332 3040 r
352 2986 420 3042 cen
433 2987 459 3040 Π
474 2992 533 3054 ων,
549 2992 583 3040 er

175 3154 191 3201 2
210 3147 372 3217 philosophi
387 3149 474 3200 oflx
495 3150 505 3216 Η
527 3152 544 3200 4
563 3146 665 3216 cuique
678 3152 703 3199 x
725 3149 734 3216 ΙΙ
756 3151 773 3200 8
792 3147 1029 3216 subtilissimeque
1044 3153 1093 3201 ox
1106 3149 1115 3220 ll

101 3227 118 3305 t
138 3236 208 3304 quos
227 3219 553 3303 ωα.δ1ῐ“[ΥΡΡΩΝΙΩΝ
574 3239 595 3271 ω
617 3221 626 3287 lt
651 3224 682 3272 11
702 3218 796 3285 inquit
814 3220 843 3272 et
861 3220 901 3288 (et
918 3220 949 3272 ia
967 3225 982 3272 e
1000 3221 1079 3302 corr.)
1096 3225 1114 3273 0

101 3289 447 3418 illudioirilrlddldiir
465 3289 1115 3428 ediriidid'aieen'dhuillinleiil‘rolliilhl

102 3433 245 3488 ΡΗτικοι
264 3434 319 3500 fere
333 3437 377 3484 nz
399 3434 408 3501 ΙΙ
433 3434 641 3503 16111111
664 3434 674 3500 ιι
697 3437 730 3484 ro
750 3432 944 3485 omniamon
959 3435 1036 3501 qua
1052 3433 1130 3482 1111-

101 3521 158 3575 quc
172 3506 196 3559 δ
208 3505 219 3573 ΙΙ
233 3509 266 3557 23
283 3504 376 3558 uideri
390 3520 450 3559 asse
463 3522 483 3576 γ
495 3506 505 3576 Η
520 3509 554 3560 24
573 3505 726 3560 cernantur
744 3503 865 3576 Stalt‘he
884 3519 920 3557 se
931 3494 1164 3558 neemenah

102 3580 137 3630 ω
150 3576 280 3644 pyrrona
296 3576 384 3646 (111)
398 3581 444 3630 sa
