2438 3878
106 174 169 238 128
566 172 618 226 XV
636 179 652 226 2

75 337 210 403 astibat.
256 336 336 401 Erat
363 340 470 400 autem
498 336 593 401 nihili
620 335 718 400 homo
747 341 779 400 et
801 340 942 422 nugator
966 340 1069 420 atque
1092 294 1141 400 in¹

103 424 240 490 Graecae
262 426 430 491 facundiae
453 425 557 511 gloria
580 425 791 490 iactabundus
815 428 847 489 et
867 429 1040 508 praeterea
1059 427 1123 491 vini

76 515 236 582 alibidine
273 516 414 600 adusque
450 515 590 579 ludibria
622 515 774 579 ebriosus.
829 513 861 578 Is
892 515 928 577 in
962 516 1121 579 conviviis

102 605 267 687 iuvenum,
300 626 381 688 quae
413 605 535 689 agitare
565 602 701 667 Athenis
734 602 992 668 hebdomadibus
1028 604 1121 668 lunae

103 693 258 758 sollemne
286 692 381 757 nobis
408 693 485 776 fuit,
517 693 710 776 simulatque
738 693 852 757 modus
880 693 987 775 epulis
1019 694 1149 761 factust

102 786 134 846 et
174 782 270 846 utiles
312 782 579 866 delectabilesque
620 803 782 853 sermones
821 785 1011 865 coeperant,
1055 787 1121 846 tum

101 872 229 935 silentio
253 871 293 934 ad
316 871 509 935 audiendum
532 871 633 955 petito
656 871 748 954 loqui
771 871 942 953 coeptabat
966 876 1071 953 atque
1092 870 1122 935 id

101 982 203 1046 genus
235 960 292 1024 vili
322 964 354 1024 et
382 960 546 1025 incondita
572 959 743 1024 verborum
772 963 898 1023 caterva
926 959 1122 1025 hortabatur

102 1071 212 1114 omnes
240 1049 280 1113 ad
307 1049 483 1114 bibendum
510 1049 607 1133 idque
634 1071 669 1113 se
696 1049 800 1113 facere
828 1071 867 1112 ex
894 1049 1030 1114 decreto
1055 1048 1121 1114 Pla

100 1139 209 1203 tonico
233 1139 446 1223 praedicabat,
469 1143 633 1220 tamquam
652 1137 764 1202 Plato
787 1138 821 1200 in
844 1137 948 1220 libris,
973 1159 1061 1221 quos
1081 1140 1148 1207 des

100 1229 253 1311 legibus
299 1228 493 1312 composuit,
538 1227 649 1291 laudes
690 1226 853 1291 ebrietatis
895 1227 1120 1311 copiosissime

101 1317 281 1400 scripsisset
306 1317 486 1398 utilemque
513 1338 582 1381 esse
606 1338 676 1380 eam
700 1316 793 1380 bonis
817 1335 854 1379 ac
876 1316 1023 1380 fortibus
1047 1317 1120 1382 viris

101 1407 289 1489 censuisset3
318 1427 355 1470 ac
383 1403 480 1470 simul
507 1406 591 1470 inter
614 1405 770 1469 eiusmodi
794 1405 975 1469 orationem
1002 1406 1119 1471 crebris

100 1499 133 1558 et
173 1495 358 1580 ingentibus
399 1495 524 1578 poculis
561 1494 727 1580 ingenium
764 1515 858 1558 omne
894 1493 1120 1581 ingurgitabat

99 1583 247 1647 fomitem
276 1605 344 1647 esse
373 1583 532 1666 quendam
560 1583 668 1648 dicens
696 1587 728 1646 et
755 1582 971 1647 incitebulum
999 1584 1145 1671 ingeniis

100 1673 308 1755 virtutisque,
337 1672 364 1736 si
387 1693 476 1736 mens
500 1676 532 1737 61
555 1693 671 1756 corpus
693 1673 834 1736 hominis
856 1672 934 1735 vino
958 1673 1119 1759 flagraret

73 1782 91 1829 4
169 1758 232 1824 Sed
269 1762 354 1826 enim
390 1759 502 1825 Plato
538 1761 574 1824 in
609 1761 732 1844 primo
769 1761 805 1844 (9
822 1782 856 1842 p.
880 1765 947 1824 637
965 1763 1001 1826 A
1031 1769 1119 1844 1410.

101 1854 166 1913 647
188 1850 234 1933 E)
272 1854 305 1915 et
341 1849 508 1915 secundo
544 1851 579 1934 (9
597 1872 631 1932 p.
655 1850 768 1914 666A
795 1854 838 1914 12
855 1871 889 1931 p.
913 1855 979 1915 671
999 1852 1051 1935 B)
1082 1853 1119 1916 de

99 1939 253 2025 legibus
286 1961 365 2022 non,
397 1943 435 2004 ut
462 1940 517 2003 1116
543 1939 662 2003 nebulo
691 1938 895 2023 opinabatur,
929 1939 1118 2006 ebrietatem

99 2029 195 2093 istam
223 2029 458 2113 turpissimam,
486 2050 568 2111 quae
595 2028 772 2092 labefacere
800 2031 832 2090 61
857 2028 1047 2096 inminuere
1068 2031 1144 2095 hos

99 2117 223 2182 minum
242 2122 365 2182 mentes
383 2116 474 2201 solet,
492 2117 643 2200 laudavit,
662 2117 716 2181 sed
733 2116 816 2181 hanc
829 2117 1010 2201 largiorem
1027 2121 1118 2205 paulo

99 2207 383 2290 iucundioremque
406 2207 474 2271 vini
497 2207 729 2288 invitationem,
753 2227 834 2288 quae
857 2207 952 2271 fieret
972 2210 1036 2273 sub
1057 2210 1118 2294 qui·

99 2295 236 2359 busdam
260 2297 352 2378 quasi
371 2296 498 2360 arbitris
518 2300 551 2360 et
568 2295 731 2380 magistris
750 2295 975 2360 conviviorum
996 2298 1119 2379 sobriis,

73 2404 166 2452 enon
197 2385 388 2469 inprobavit.
443 2384 528 2449 Nem
561 2388 593 2449 et
624 2384 759 2449 modicis
791 2383 1006 2468 honestisque
1040 2389 1118 2452 inter

100 2473 276 2536 bibendum
303 2473 545 2538 remissionibus
572 2473 662 2538 refici
686 2473 904 2558 integrarique
929 2475 1062 2541 animos
1083 2475 1144 2540 eds

99 2561 306 2626 instauranda
347 2562 530 2627 sobrietatis
573 2563 680 2627 officia
720 2562 928 2626 existumavit
965 2567 1117 2649 reddique

99 2671 154 2714 eos
183 2651 300 2714 sensim
327 2650 477 2715 laetiores
505 2655 600 2734 atque
629 2651 669 2714 ad
697 2651 891 2715 intentiones
914 2674 1052 2719 rursum
1074 2676 1117 2720 car

99 2739 232 2822 piendas
255 2739 326 2803 fieri
348 2738 531 2822 habiliores,
554 2743 586 2805 61
609 2740 714 2823 simul,
737 2739 764 2803 si
788 2740 844 2822 qui
862 2742 998 2824 penitus
1019 2745 1055 2809 in
1071 2743 1116 2808 his

25 2850 29 2858 ¹
100 2828 316 2892 adfectionum
358 2829 634 2912 cupiditatumque
675 2850 798 2893 errores
837 2829 999 2914 inessent,
1043 2852 1116 2918 quos

100 2918 200 3001 aliqui
224 2917 328 3000 pudor
350 2939 497 2982 reverens
520 2919 713 3000 conceleret,
741 2940 778 2982 ea
801 2918 910 2981 omnia
935 2921 1008 2985 sine
1033 2921 1141 3009 gavia

100 3007 244 3089 periculo
272 3004 420 3071 libertate
447 3029 505 3091 per
532 3007 641 3071 vinum
670 3007 744 3070 data
767 3007 874 3091 detegi
898 3012 932 3072 et
956 3010 1000 3073 ad
1025 3011 1115 3076 corri-

100 3095 240 3181 gendum
263 3095 518 3179 medendumque
541 3096 612 3160 fieri
635 3096 851 3179 oportuniora.

172 3267 257 3328 9sqq.
277 3261 363 3315 Macr.
378 3261 443 3328 118,
458 3267 544 3330 dsqq.
565 3261 672 3331 (Galen.
687 3261 726 3315 IV
741 3267 792 3316 808
802 3262 847 3330 K.)

172 3419 186 3467 1
202 3415 308 3486 autem]
324 3413 399 3467 enim
414 3416 475 3467 Hx
490 3414 494 3484 l
510 3413 541 3466 in
554 3430 604 3467 om.
615 3418 640 3464 x
653 3415 662 3482 ll
678 3419 709 3466 13
726 3413 785 3467 eius
799 3413 1032 3471 moderationem
1046 3420 1097 3472 ΠΙ
1106 3416 1116 3487 ll
1155 3410 1157 3415 ’

97 3490 134 3538 15
151 3485 343 3555 ignitabulum
362 3486 452 3539 Macr.
471 3487 480 3554 ΙΙ
500 3490 531 3537 21
552 3483 729 3554 largiciorem
747 3486 771 3539 δ
787 3490 790 3551 Ι
806 3484 906 3553 poculo
929 3488 967 3539 Π
982 3491 993 3557 ΙΙ
1013 3495 1048 3543 21
1066 3488 1115 3544 loo·

85 3555 175 3609 tiores
188 3562 211 3608 Ζ
217 3559 234 3627 s}
246 3563 283 3612 30
301 3555 412 3627 aliquis
425 3562 446 3619 Q
465 3555 596 3628 alioquin
611 3556 702 3613 Mocr.
715 3558 727 3628 l
739 3556 912 3626 clatelareto
932 3558 1028 3615 Maec.
