<?xml version="1.0" encoding="UTF-8"?>
<!DOCTYPE html PUBLIC "-//W3C//DTD XHTML 1.0 Transitional//EN"
    "http://www.w3.org/TR/xhtml1/DTD/xhtml1-transitional.dtd">
<html xmlns="http://www.w3.org/1999/xhtml" xml:lang="en" lang="en">
 <head>
  <title>
</title>
<meta http-equiv="Content-Type" content="text/html;charset=utf-8" />
  <meta name='ocr-system' content='tesseract 3.04.00' />
  <meta name='ocr-capabilities' content='ocr_page ocr_carea ocr_par ocr_line ocrx_word'/>
</head>
<body>
  <div class='ocr_page' id='page_1' title='image "agelliinoctivma02gellgoog_0195.png"; bbox 0 0 2438 3878; ppageno 0'>
   <div class='ocr_carea' id='block_1_1' title="bbox 157 856 1182 1288">
    <p class='ocr_par' dir='ltr' id='par_1_1' title="bbox 157 856 1182 1288">
     <span class='ocr_line' id='line_1_1' title="bbox 528 856 805 931; baseline 0 -1"><span class='ocrx_word' id='word_1_1' title='bbox 528 857 570 931; x_wconf 76' lang='lat' dir='ltr'><strong>A.</strong></span> <span class='ocrx_word' id='word_1_2' title='bbox 600 856 805 930; x_wconf 77' lang='lat' dir='ltr'>GELLII</span> 
     </span>
     <span class='ocr_line' id='line_1_2' title="bbox 157 1020 1182 1112; baseline 0.002 -4"><span class='ocrx_word' id='word_1_3' title='bbox 157 1023 390 1110; x_wconf 73' lang='lat' dir='ltr'><strong>NOCTIVM</strong></span> <span class='ocrx_word' id='word_1_4' title='bbox 412 1022 712 1110; x_wconf 72' lang='lat' dir='ltr'><strong>AMIOARVM</strong></span> <span class='ocrx_word' id='word_1_5' title='bbox 735 1023 899 1107; x_wconf 78' lang='lat' dir='ltr'><strong>LIBER</strong></span> <span class='ocrx_word' id='word_1_6' title='bbox 922 1020 1182 1112; x_wconf 78' lang='lat' dir='ltr'>SEPTIMVS</span> 
     </span>
     <span class='ocr_line' id='line_1_3' title="bbox 554 1198 782 1288; baseline 0.013 -3"><span class='ocrx_word' id='word_1_7' title='bbox 554 1201 754 1288; x_wconf 77' lang='lat' dir='ltr'><strong>DECIMV</strong></span> <span class='ocrx_word' id='word_1_8' title='bbox 756 1198 782 1287; x_wconf 84' lang='lat' dir='ltr'>S</span> 
     </span>
    </p>
   </div>
   <div class='ocr_carea' id='block_1_2' title="bbox 657 1546 673 1612">
    <p class='ocr_par' dir='ltr' id='par_1_2' title="bbox 657 1546 673 1612">
     <span class='ocr_line' id='line_1_4' title="bbox 657 1546 673 1612; baseline 0 0"><span class='ocrx_word' id='word_1_9' title='bbox 657 1546 673 1612; x_wconf 97' lang='lat' dir='ltr'>I</span> 
     </span>
    </p>
   </div>
   <div class='ocr_carea' id='block_1_3' title="bbox 158 1668 1206 1954">
    <p class='ocr_par' dir='ltr' id='par_1_3' title="bbox 158 1668 1206 1954">
     <span class='ocr_line' id='line_1_5' title="bbox 158 1668 1179 1740; baseline 0.004 -16"><span class='ocrx_word' id='word_1_10' title='bbox 158 1670 239 1735; x_wconf 83' lang='lat' dir='ltr'><strong>Quod</strong></span> <span class='ocrx_word' id='word_1_11' title='bbox 258 1668 356 1724; x_wconf 74' lang='lat' dir='ltr'><strong>Gallus</strong></span> <span class='ocrx_word' id='word_1_12' title='bbox 374 1669 488 1723; x_wconf 81' lang='lat' dir='ltr'>Asinius</span> <span class='ocrx_word' id='word_1_13' title='bbox 508 1672 537 1723; x_wconf 78' lang='lat' dir='ltr'><strong>cb</strong></span> <span class='ocrx_word' id='word_1_14' title='bbox 555 1669 673 1740; x_wconf 76' lang='lat' dir='ltr'><strong>Largius</strong></span> <span class='ocrx_word' id='word_1_15' title='bbox 691 1670 805 1724; x_wconf 81' lang='lat' dir='ltr'>Licinus</span> <span class='ocrx_word' id='word_1_16' title='bbox 824 1671 1001 1724; x_wconf 74' lang='lat' dir='ltr'><strong>sententiam</strong></span> <span class='ocrx_word' id='word_1_17' title='bbox 1018 1671 1062 1727; x_wconf 88' lang='lat' dir='ltr'><strong>M.</strong></span> <span class='ocrx_word' id='word_1_18' title='bbox 1078 1671 1179 1727; x_wconf 75' lang='lat' dir='ltr'><strong>Cicero</strong></span> 
     </span>
     <span class='ocr_line' id='line_1_6' title="bbox 192 1741 1178 1810; baseline 0.003 -16"><span class='ocrx_word' id='word_1_19' title='bbox 192 1743 237 1795; x_wconf 89' lang='lat' dir='ltr'><strong>nis</strong></span> <span class='ocrx_word' id='word_1_20' title='bbox 260 1741 500 1810; x_wconf 72' lang='lat' dir='ltr'><strong>reprehenderunt</strong></span> <span class='ocrx_word' id='word_1_21' title='bbox 523 1758 557 1795; x_wconf 85' lang='lat' dir='ltr'><strong>cx</strong></span> <span class='ocrx_word' id='word_1_22' title='bbox 580 1742 719 1806; x_wconf 78' lang='lat' dir='ltr'><strong>oralionc,</strong></span> <span class='ocrx_word' id='word_1_23' title='bbox 742 1757 827 1810; x_wconf 80' lang='lat' dir='ltr'><strong>quem</strong></span> <span class='ocrx_word' id='word_1_24' title='bbox 846 1741 920 1795; x_wconf 78' lang='lat' dir='ltr'><strong>dixit</strong></span> <span class='ocrx_word' id='word_1_25' title='bbox 937 1759 992 1810; x_wconf 85' lang='lat' dir='ltr'><strong>pro</strong></span> <span class='ocrx_word' id='word_1_26' title='bbox 1012 1743 1055 1797; x_wconf 88' lang='lat' dir='ltr'><strong>M.</strong></span> <span class='ocrx_word' id='word_1_27' title='bbox 1077 1743 1178 1807; x_wconf 67' lang='lat' dir='ltr'><strong>Ocelim</strong></span> 
     </span>
     <span class='ocr_line' id='line_1_7' title="bbox 193 1812 1179 1882; baseline 0.003 -16"><span class='ocrx_word' id='word_1_28' title='bbox 193 1816 222 1866; x_wconf 78' lang='lat' dir='ltr'><strong>ct</strong></span> <span class='ocrx_word' id='word_1_29' title='bbox 243 1813 312 1882; x_wconf 91' lang='lat' dir='ltr'><strong>quid</strong></span> <span class='ocrx_word' id='word_1_30' title='bbox 331 1813 463 1867; x_wconf 80' lang='lat' dir='ltr'><strong>adversus</strong></span> <span class='ocrx_word' id='word_1_31' title='bbox 481 1812 608 1866; x_wconf 88' lang='lat' dir='ltr'><strong>homines</strong></span> <span class='ocrx_word' id='word_1_32' title='bbox 627 1813 825 1867; x_wconf 78' lang='lat' dir='ltr'><strong>stolidissimos</strong></span> <span class='ocrx_word' id='word_1_33' title='bbox 843 1829 894 1882; x_wconf 90' lang='lat' dir='ltr'><strong>pro</strong></span> <span class='ocrx_word' id='word_1_34' title='bbox 914 1814 1021 1868; x_wconf 76' lang='lat' dir='ltr'><strong>eodem</strong></span> <span class='ocrx_word' id='word_1_35' title='bbox 1041 1815 1179 1870; x_wconf 71' lang='lat' dir='ltr'><strong>seniensi</strong></span> 
     </span>
     <span class='ocr_line' id='line_1_8' title="bbox 193 1884 1206 1954; baseline -0.001 -17"><span class='ocrx_word' id='word_1_36' title='bbox 193 1900 257 1938; x_wconf 85' lang='lat' dir='ltr'><strong>vere</strong></span> <span class='ocrx_word' id='word_1_37' title='bbox 276 1884 417 1954; x_wconf 79' lang='lat' dir='ltr'><strong>digneque</strong></span> <span class='ocrx_word' id='word_1_38' title='bbox 437 1884 494 1937; x_wconf 90' lang='lat' dir='ltr'><strong>dici</strong></span> <span class='ocrx_word' id='word_1_39' title='bbox 512 1885 609 1953; x_wconf 80' lang='lat' dir='ltr'><strong>possib.</strong></span> <span class='ocrx_word' id='word_1_40' title='bbox 1195 1895 1206 1936; x_wconf 73' lang='lat' dir='ltr'><strong>i</strong></span> 
     </span>
    </p>
   </div>
   <div class='ocr_carea' id='block_1_4' title="bbox 126 2010 1205 3168">
    <p class='ocr_par' dir='ltr' id='par_1_4' title="bbox 131 2010 1205 2546">
     <span class='ocr_line' id='line_1_9' title="bbox 131 2010 1178 2097; baseline 0.001 -20"><span class='ocrx_word' id='word_1_41' title='bbox 131 2029 145 2077; x_wconf 92' lang='lat'>1</span> <span class='ocrx_word' id='word_1_42' title='bbox 223 2011 269 2076; x_wconf 78' lang='lat' dir='ltr'><strong>Vb</strong></span> <span class='ocrx_word' id='word_1_43' title='bbox 292 2014 423 2095; x_wconf 83' lang='lat' dir='ltr'><strong>quidam</strong></span> <span class='ocrx_word' id='word_1_44' title='bbox 445 2012 577 2075; x_wconf 80' lang='lat' dir='ltr'><strong>fuerunt</strong></span> <span class='ocrx_word' id='word_1_45' title='bbox 596 2015 740 2076; x_wconf 77' lang='lat' dir='ltr'><strong>monstra</strong></span> <span class='ocrx_word' id='word_1_46' title='bbox 758 2010 937 2095; x_wconf 85' lang='lat' dir='ltr'><strong>hominum,</strong></span> <span class='ocrx_word' id='word_1_47' title='bbox 963 2015 1059 2097; x_wconf 92' lang='lat' dir='ltr'><strong>quod</strong></span> <span class='ocrx_word' id='word_1_48' title='bbox 1079 2015 1118 2080; x_wconf 85' lang='lat' dir='ltr'><strong>dc</strong></span> <span class='ocrx_word' id='word_1_49' title='bbox 1135 2014 1178 2078; x_wconf 89' lang='lat' dir='ltr'><strong>dis</strong></span> 
     </span>
     <span class='ocr_line' id='line_1_10' title="bbox 155 2100 1177 2186; baseline 0.002 -20"><span class='ocrx_word' id='word_1_50' title='bbox 155 2101 382 2166; x_wconf 76' lang='lat' dir='ltr'><strong>inmortalibus</strong></span> <span class='ocrx_word' id='word_1_51' title='bbox 414 2101 531 2186; x_wconf 85' lang='lat' dir='ltr'><strong>impias</strong></span> <span class='ocrx_word' id='word_1_52' title='bbox 562 2101 723 2183; x_wconf 79' lang='lat' dir='ltr'><strong>falsasque</strong></span> <span class='ocrx_word' id='word_1_53' title='bbox 754 2100 922 2183; x_wconf 81' lang='lat' dir='ltr'><strong>opiniones</strong></span> <span class='ocrx_word' id='word_1_54' title='bbox 956 2104 1177 2185; x_wconf 74' lang='lat' dir='ltr'><strong>prodiderunt,</strong></span> 
     </span>
     <span class='ocr_line' id='line_1_11' title="bbox 155 2189 1177 2276; baseline 0.005 -22"><span class='ocrx_word' id='word_1_55' title='bbox 155 2192 201 2254; x_wconf 79' lang='lat' dir='ltr'><strong>ile</strong></span> <span class='ocrx_word' id='word_1_56' title='bbox 219 2190 368 2254; x_wconf 81' lang='lat' dir='ltr'><strong>nonnulli</strong></span> <span class='ocrx_word' id='word_1_57' title='bbox 386 2194 454 2254; x_wconf 81' lang='lat' dir='ltr'><strong>inm</strong></span> <span class='ocrx_word' id='word_1_58' title='bbox 472 2189 650 2276; x_wconf 82' lang='lat' dir='ltr'><strong>prodigiosi</strong></span> <span class='ocrx_word' id='word_1_59' title='bbox 668 2193 798 2272; x_wconf 79' lang='lat' dir='ltr'><strong>iamque</strong></span> <span class='ocrx_word' id='word_1_60' title='bbox 817 2190 972 2255; x_wconf 83' lang='lat' dir='ltr'><strong>vecordes</strong></span> <span class='ocrx_word' id='word_1_61' title='bbox 991 2193 1177 2275; x_wconf 67' lang='lat' dir='ltr'><strong>extiterunt,</strong></span> 
     </span>
     <span class='ocr_line' id='line_1_12' title="bbox 155 2276 1176 2364; baseline 0.003 -21"><span class='ocrx_word' id='word_1_62' title='bbox 155 2280 190 2343; x_wconf 93' lang='lat' dir='ltr'><strong>in</strong></span> <span class='ocrx_word' id='word_1_63' title='bbox 209 2279 326 2362; x_wconf 90' lang='lat' dir='ltr'><strong>quibus</strong></span> <span class='ocrx_word' id='word_1_64' title='bbox 345 2283 420 2343; x_wconf 82' lang='lat' dir='ltr'><strong>suni</strong></span> <span class='ocrx_word' id='word_1_65' title='bbox 438 2276 571 2344; x_wconf 76' lang='lat' dir='ltr'><strong>Gallus</strong></span> <span class='ocrx_word' id='word_1_66' title='bbox 590 2276 749 2342; x_wconf 85' lang='lat' dir='ltr'><strong>Asinius</strong></span> <span class='ocrx_word' id='word_1_67' title='bbox 768 2282 800 2342; x_wconf 77' lang='lat' dir='ltr'><strong>eb</strong></span> <span class='ocrx_word' id='word_1_68' title='bbox 818 2278 985 2364; x_wconf 82' lang='lat' dir='ltr'><strong>Largius</strong></span> <span class='ocrx_word' id='word_1_69' title='bbox 1005 2280 1176 2364; x_wconf 84' lang='lat' dir='ltr'><strong>Licinus,</strong></span> 
     </span>
     <span class='ocr_line' id='line_1_13' title="bbox 156 2366 1205 2452; baseline 0 -20"><span class='ocrx_word' id='word_1_70' title='bbox 156 2369 247 2432; x_wconf 89' lang='lat' dir='ltr'><strong>cuius</strong></span> <span class='ocrx_word' id='word_1_71' title='bbox 270 2367 353 2432; x_wconf 87' lang='lat' dir='ltr'><strong>liber</strong></span> <span class='ocrx_word' id='word_1_72' title='bbox 375 2368 472 2432; x_wconf 78' lang='lat' dir='ltr'><strong>eiiam</strong></span> <span class='ocrx_word' id='word_1_73' title='bbox 490 2368 593 2432; x_wconf 79' lang='lat' dir='ltr'><strong>fertur</strong></span> <span class='ocrx_word' id='word_1_74' title='bbox 610 2367 742 2432; x_wconf 81' lang='lat' dir='ltr'><strong>infando</strong></span> <span class='ocrx_word' id='word_1_75' title='bbox 760 2368 857 2432; x_wconf 77' lang='lat' dir='ltr'><strong>titulo</strong></span> <span class='ocrx_word' id='word_1_76' title='bbox 878 2366 1175 2452; x_wconf 79' lang='lat' dir='ltr'><strong>Ciceromastix,</strong></span> <span class='ocrx_word' id='word_1_77' title='bbox 1185 2389 1205 2432; x_wconf 80' lang='lat' dir='ltr'><strong>o</strong></span> 
     </span>
     <span class='ocr_line' id='line_1_14' title="bbox 155 2454 1176 2546; baseline 0.007 -26"><span class='ocrx_word' id='word_1_78' title='bbox 155 2460 191 2520; x_wconf 79' lang='lat' dir='ltr'><strong>ub</strong></span> <span class='ocrx_word' id='word_1_79' title='bbox 224 2456 363 2520; x_wconf 84' lang='lat' dir='ltr'><strong>scribere</strong></span> <span class='ocrx_word' id='word_1_80' title='bbox 394 2457 464 2521; x_wconf 76' lang='lat' dir='ltr'><strong>susi</strong></span> <span class='ocrx_word' id='word_1_81' title='bbox 497 2458 562 2520; x_wconf 75' lang='lat' dir='ltr'><strong>sini</strong></span> <span class='ocrx_word' id='word_1_82' title='bbox 588 2455 632 2520; x_wconf 88' lang='lat' dir='ltr'><strong>M.</strong></span> <span class='ocrx_word' id='word_1_83' title='bbox 656 2454 878 2521; x_wconf 80' lang='lat' dir='ltr'><strong>Ciceronem</strong></span> <span class='ocrx_word' id='word_1_84' title='bbox 905 2463 1027 2541; x_wconf 81' lang='lat' dir='ltr'><strong>parum</strong></span> <span class='ocrx_word' id='word_1_85' title='bbox 1057 2463 1176 2546; x_wconf 75' lang='lat' dir='ltr'><strong>integro</strong></span> 
     </span>
    </p>

    <p class='ocr_par' dir='ltr' id='par_1_5' title="bbox 128 2546 1176 2723">
     <span class='ocr_line' id='line_1_15' title="bbox 128 2546 1176 2632; baseline 0.003 -22"><span class='ocrx_word' id='word_1_86' title='bbox 128 2549 252 2629; x_wconf 68' lang='lat' dir='ltr'><strong>satque</strong></span> <span class='ocrx_word' id='word_1_87' title='bbox 281 2546 446 2629; x_wconf 81' lang='lat' dir='ltr'><strong>inproprie</strong></span> <span class='ocrx_word' id='word_1_88' title='bbox 473 2549 570 2628; x_wconf 75' lang='lat' dir='ltr'><strong>sique</strong></span> <span class='ocrx_word' id='word_1_89' title='bbox 597 2546 831 2610; x_wconf 76' lang='lat' dir='ltr'><strong>inconsiderate</strong></span> <span class='ocrx_word' id='word_1_90' title='bbox 857 2546 1018 2612; x_wconf 73' lang='lat' dir='ltr'><strong>locutum.</strong></span> <span class='ocrx_word' id='word_1_91' title='bbox 1073 2547 1176 2632; x_wconf 79' lang='lat' dir='ltr'><strong>Atque</strong></span> 
     </span>
     <span class='ocr_line' id='line_1_16' title="bbox 155 2633 1175 2723; baseline 0.004 -26"><span class='ocrx_word' id='word_1_92' title='bbox 155 2635 219 2698; x_wconf 79' lang='lat' dir='ltr'><strong>alia</strong></span> <span class='ocrx_word' id='word_1_93' title='bbox 242 2635 385 2717; x_wconf 87' lang='lat' dir='ltr'><strong>quidem,</strong></span> <span class='ocrx_word' id='word_1_94' title='bbox 413 2656 495 2717; x_wconf 83' lang='lat' dir='ltr'><strong>ques</strong></span> <span class='ocrx_word' id='word_1_95' title='bbox 517 2633 802 2718; x_wconf 81' lang='lat' dir='ltr'><strong>reprehenderunt,</strong></span> <span class='ocrx_word' id='word_1_96' title='bbox 826 2655 933 2717; x_wconf 89' lang='lat' dir='ltr'><strong>ncquc</strong></span> <span class='ocrx_word' id='word_1_97' title='bbox 957 2636 1054 2703; x_wconf 76' lang='lat' dir='ltr'><strong>dictu</strong></span> <span class='ocrx_word' id='word_1_98' title='bbox 1078 2659 1175 2723; x_wconf 86' lang='lat' dir='ltr'><strong>neque</strong></span> 
     </span>
    </p>

    <p class='ocr_par' dir='ltr' id='par_1_6' title="bbox 128 2723 1203 2984">
     <span class='ocr_line' id='line_1_17' title="bbox 128 2723 1175 2812; baseline 0.005 -24"><span class='ocrx_word' id='word_1_99' title='bbox 128 2723 267 2788; x_wconf 81' lang='lat' dir='ltr'><strong>3auditu</strong></span> <span class='ocrx_word' id='word_1_100' title='bbox 290 2724 387 2809; x_wconf 80' lang='lat' dir='ltr'><strong>digna</strong></span> <span class='ocrx_word' id='word_1_101' title='bbox 411 2727 498 2809; x_wconf 82' lang='lat' dir='ltr'><strong>sunb3</strong></span> <span class='ocrx_word' id='word_1_102' title='bbox 527 2723 583 2788; x_wconf 87' lang='lat' dir='ltr'><strong>scd</strong></span> <span class='ocrx_word' id='word_1_103' title='bbox 605 2723 691 2788; x_wconf 88' lang='lat' dir='ltr'><strong>enim</strong></span> <span class='ocrx_word' id='word_1_104' title='bbox 713 2723 785 2805; x_wconf 87' lang='lat' dir='ltr'><strong>hoo,</strong></span> <span class='ocrx_word' id='word_1_105' title='bbox 808 2723 843 2786; x_wconf 92' lang='lat' dir='ltr'><strong>in</strong></span> <span class='ocrx_word' id='word_1_106' title='bbox 866 2745 931 2806; x_wconf 92' lang='lat' dir='ltr'><strong>quo</strong></span> <span class='ocrx_word' id='word_1_107' title='bbox 957 2726 1175 2812; x_wconf 77' lang='lat' dir='ltr'><strong>sibimetipsi</strong></span> 
     </span>
     <span class='ocr_line' id='line_1_18' title="bbox 154 2811 1203 2898; baseline 0.001 -22"><span class='ocrx_word' id='word_1_108' title='bbox 154 2814 281 2896; x_wconf 76' lang='lat' dir='ltr'><strong>praeter</strong></span> <span class='ocrx_word' id='word_1_109' title='bbox 316 2816 420 2878; x_wconf 77' lang='lat' dir='ltr'><strong>cetera</strong></span> <span class='ocrx_word' id='word_1_110' title='bbox 455 2833 523 2876; x_wconf 87' lang='lat' dir='ltr'><strong>csse</strong></span> <span class='ocrx_word' id='word_1_111' title='bbox 554 2813 616 2876; x_wconf 83' lang='lat' dir='ltr'><strong>visi</strong></span> <span class='ocrx_word' id='word_1_112' title='bbox 648 2816 723 2876; x_wconf 80' lang='lat' dir='ltr'><strong>sunt</strong></span> <span class='ocrx_word' id='word_1_113' title='bbox 754 2811 926 2876; x_wconf 82' lang='lat' dir='ltr'><strong>verborum</strong></span> <span class='ocrx_word' id='word_1_114' title='bbox 959 2818 1203 2898; x_wconf 76' lang='lat' dir='ltr'><strong>pensibciorcsn</strong></span> 
     </span>
     <span class='ocr_line' id='line_1_19' title="bbox 154 2901 1015 2984; baseline 0.003 -18"><span class='ocrx_word' id='word_1_115' title='bbox 154 2901 370 2984; x_wconf 78' lang='lat' dir='ltr'><strong>subtilissimi,</strong></span> <span class='ocrx_word' id='word_1_116' title='bbox 396 2901 487 2984; x_wconf 91' lang='lat' dir='ltr'><strong>cedo,</strong></span> <span class='ocrx_word' id='word_1_117' title='bbox 511 2902 605 2984; x_wconf 82' lang='lat' dir='ltr'><strong>quale</strong></span> <span class='ocrx_word' id='word_1_118' title='bbox 627 2901 661 2965; x_wconf 91' lang='lat' dir='ltr'><strong>id</strong></span> <span class='ocrx_word' id='word_1_119' title='bbox 684 2902 739 2984; x_wconf 78' lang='lat' dir='ltr'><strong>sii,</strong></span> <span class='ocrx_word' id='word_1_120' title='bbox 763 2901 1015 2969; x_wconf 84' lang='lat' dir='ltr'><strong>consideremus.</strong></span> 
     </span>
    </p>

    <p class='ocr_par' dir='ltr' id='par_1_7' title="bbox 126 2988 1174 3168">
     <span class='ocr_line' id='line_1_20' title="bbox 126 2988 1174 3080; baseline 0.004 -26"><span class='ocrx_word' id='word_1_121' title='bbox 126 3008 143 3054; x_wconf 83' lang='lat'>4</span> <span class='ocrx_word' id='word_1_122' title='bbox 220 2989 262 3055; x_wconf 88' lang='lat' dir='ltr'><strong>M.</strong></span> <span class='ocrx_word' id='word_1_123' title='bbox 279 2989 414 3056; x_wconf 78' lang='lat' dir='ltr'><strong>Cicero</strong></span> <span class='ocrx_word' id='word_1_124' title='bbox 433 3011 500 3074; x_wconf 84' lang='lat' dir='ltr'><strong>pro</strong></span> <span class='ocrx_word' id='word_1_125' title='bbox 519 2988 561 3053; x_wconf 88' lang='lat' dir='ltr'><strong>M.</strong></span> <span class='ocrx_word' id='word_1_126' title='bbox 577 2988 707 3054; x_wconf 75' lang='lat' dir='ltr'><strong>Caelio</strong></span> <span class='ocrx_word' id='word_1_127' title='bbox 726 2992 772 3054; x_wconf 77' lang='lat' dir='ltr'><strong>ibo</strong></span> <span class='ocrx_word' id='word_1_128' title='bbox 790 2990 903 3054; x_wconf 76' lang='lat' dir='ltr'><strong>scribit</strong></span> <span class='ocrx_word' id='word_1_129' title='bbox 918 2991 1004 3073; x_wconf 90' lang='grc' dir='ltr'><strong><em>(ΙΙΙ</em></strong></span> <span class='ocrx_word' id='word_1_130' title='bbox 1014 2996 1068 3080; x_wconf 90' lang='lat'><strong>6):</strong></span> <span class='ocrx_word' id='word_1_131' title='bbox 1086 2995 1174 3062; x_wconf 78' lang='lat' dir='ltr'><strong>Nem</strong></span> 
     </span>
     <span class='ocr_line' id='line_1_21' title="bbox 154 3078 1174 3168; baseline 0.008 -24"><span class='ocrx_word' id='word_1_132' title='bbox 154 3081 254 3162; x_wconf 90' lang='lat' dir='ltr'><strong>quod</strong></span> <span class='ocrx_word' id='word_1_133' title='bbox 287 3080 479 3145; x_wconf 74' lang='lat' dir='ltr'><strong>obiectum</strong></span> <span class='ocrx_word' id='word_1_134' title='bbox 513 3082 570 3144; x_wconf 80' lang='lat' dir='ltr'><strong>esi</strong></span> <span class='ocrx_word' id='word_1_135' title='bbox 602 3079 644 3143; x_wconf 90' lang='lat' dir='ltr'><strong>dc</strong></span> <span class='ocrx_word' id='word_1_136' title='bbox 671 3078 862 3163; x_wconf 75' lang='lat' dir='ltr'><strong>pudicitia</strong></span> <span class='ocrx_word' id='word_1_137' title='bbox 890 3083 1079 3168; x_wconf 91' lang='lat' dir='ltr'><strong>quodque</strong></span> <span class='ocrx_word' id='word_1_138' title='bbox 1106 3107 1174 3151; x_wconf 91' lang='lat' dir='ltr'><strong>om·</strong></span> 
     </span>
    </p>
   </div>
   <div class='ocr_carea' id='block_1_5' title="bbox 63 3270 1175 3592">
    <p class='ocr_par' dir='ltr' id='par_1_8' title="bbox 224 3270 1175 3343">
     <span class='ocr_line' id='line_1_22' title="bbox 224 3270 1175 3343; baseline 0.002 -16"><span class='ocrx_word' id='word_1_139' title='bbox 224 3280 240 3327; x_wconf 77' lang='lat'><strong>2</strong></span> <span class='ocrx_word' id='word_1_140' title='bbox 259 3273 363 3328; x_wconf 77' lang='lat' dir='ltr'><strong>lcreius</strong></span> <span class='ocrx_word' id='word_1_141' title='bbox 383 3277 429 3331; x_wconf 76' lang='lat' dir='ltr'><strong>OQ</strong></span> <span class='ocrx_word' id='word_1_142' title='bbox 451 3271 551 3325; x_wconf 77' lang='lat' dir='ltr'><strong>lortius</strong></span> <span class='ocrx_word' id='word_1_143' title='bbox 571 3292 592 3324; x_wconf 87' lang='grc' dir='ltr'><strong>ω</strong></span> <span class='ocrx_word' id='word_1_144' title='bbox 609 3272 612 3343; x_wconf 86' lang='grc' dir='ltr'><strong><em>Ι</em></strong></span> <span class='ocrx_word' id='word_1_145' title='bbox 628 3270 742 3325; x_wconf 89' lang='lat' dir='ltr'><strong>licinius</strong></span> <span class='ocrx_word' id='word_1_146' title='bbox 761 3273 822 3340; x_wconf 86' lang='lat' dir='ltr'><strong>(cm.</strong></span> <span class='ocrx_word' id='word_1_147' title='bbox 836 3272 881 3325; x_wconf 79' lang='lat' dir='ltr'><strong>bic</strong></span> <span class='ocrx_word' id='word_1_148' title='bbox 894 3275 930 3342; x_wconf 84' lang='lat' dir='ltr'><strong>x)</strong></span> <span class='ocrx_word' id='word_1_149' title='bbox 950 3294 974 3328; x_wconf 84' lang='grc' dir='ltr'><strong>ω</strong></span> <span class='ocrx_word' id='word_1_150' title='bbox 993 3277 1064 3333; x_wconf 72' lang='lat' dir='ltr'><strong>item</strong></span> <span class='ocrx_word' id='word_1_151' title='bbox 1080 3280 1112 3333; x_wconf 71' lang='lat' dir='ltr'><strong>ior</strong></span> <span class='ocrx_word' id='word_1_152' title='bbox 1123 3296 1146 3333; x_wconf 75' lang='lat' dir='ltr'><strong>v.</strong></span> <span class='ocrx_word' id='word_1_153' title='bbox 1159 3281 1175 3332; x_wconf 83' lang='lat'><strong><em>9</em></strong></span> 
     </span>
    </p>

    <p class='ocr_par' dir='ltr' id='par_1_9' title="bbox 152 3343 1174 3420">
     <span class='ocr_line' id='line_1_23' title="bbox 152 3343 1174 3420; baseline 0.002 -20"><span class='ocrx_word' id='word_1_154' title='bbox 152 3362 220 3400; x_wconf 83' lang='lat' dir='ltr'><strong>corr.</strong></span> <span class='ocrx_word' id='word_1_155' title='bbox 231 3346 317 3400; x_wconf 75' lang='lat' dir='ltr'><strong>Hertz</strong></span> <span class='ocrx_word' id='word_1_156' title='bbox 331 3348 339 3415; x_wconf 79' lang='grc' dir='ltr'>Η</span> <span class='ocrx_word' id='word_1_157' title='bbox 354 3350 370 3398; x_wconf 79' lang='lat'><strong>5</strong></span> <span class='ocrx_word' id='word_1_158' title='bbox 384 3344 493 3398; x_wconf 76' lang='lat' dir='ltr'><strong>mered</strong></span> <span class='ocrx_word' id='word_1_159' title='bbox 508 3359 523 3397; x_wconf 90' lang='lat' dir='ltr'><strong>e</strong></span> <span class='ocrx_word' id='word_1_160' title='bbox 536 3358 566 3396; x_wconf 87' lang='lat' dir='ltr'><strong>re</strong></span> <span class='ocrx_word' id='word_1_161' title='bbox 576 3343 620 3396; x_wconf 75' lang='lat' dir='ltr'><strong>sk.</strong></span> <span class='ocrx_word' id='word_1_162' title='bbox 635 3344 644 3412; x_wconf 73' lang='lat' dir='ltr'><strong>ll</strong></span> <span class='ocrx_word' id='word_1_163' title='bbox 659 3348 674 3395; x_wconf 84' lang='grc'>6</span> <span class='ocrx_word' id='word_1_164' title='bbox 689 3343 738 3410; x_wconf 90' lang='lat' dir='ltr'><strong>qui</strong></span> <span class='ocrx_word' id='word_1_165' title='bbox 752 3358 768 3396; x_wconf 89' lang='grc' dir='ltr'><strong><em>σ</em></strong></span> <span class='ocrx_word' id='word_1_166' title='bbox 781 3343 790 3412; x_wconf 81' lang='grc' dir='ltr'><strong>ΙΙ</strong></span> <span class='ocrx_word' id='word_1_167' title='bbox 805 3347 838 3395; x_wconf 80' lang='lat'><strong>12</strong></span> <span class='ocrx_word' id='word_1_168' title='bbox 853 3343 884 3395; x_wconf 92' lang='lat' dir='ltr'><strong>in</strong></span> <span class='ocrx_word' id='word_1_169' title='bbox 895 3345 1054 3402; x_wconf 85' lang='lat' dir='ltr'><strong>consilium</strong></span> <span class='ocrx_word' id='word_1_170' title='bbox 1064 3352 1155 3404; x_wconf 69' lang='lat' dir='ltr'><strong>aniel</strong></span> <span class='ocrx_word' id='word_1_171' title='bbox 1170 3347 1174 3420; x_wconf 92' lang='grc' dir='ltr'><strong><em>Ι</em></strong></span> 
     </span>
    </p>

    <p class='ocr_par' dir='ltr' id='par_1_10' title="bbox 142 3413 1155 3489">
     <span class='ocr_line' id='line_1_24' title="bbox 142 3413 1155 3489; baseline 0.005 -22"><span class='ocrx_word' id='word_1_172' title='bbox 142 3422 179 3468; x_wconf 76' lang='grc'><strong>14</strong></span> <span class='ocrx_word' id='word_1_173' title='bbox 192 3417 247 3469; x_wconf 82' lang='lat' dir='ltr'><strong>scd</strong></span> <span class='ocrx_word' id='word_1_174' title='bbox 260 3417 367 3472; x_wconf 76' lang='lat' dir='ltr'><strong>etenim</strong></span> <span class='ocrx_word' id='word_1_175' title='bbox 381 3416 412 3483; x_wconf 77' lang='lat' dir='ltr'><strong>lii</strong></span> <span class='ocrx_word' id='word_1_176' title='bbox 428 3414 481 3488; x_wconf 74' lang='lat' dir='ltr'><strong>Ill</strong></span> <span class='ocrx_word' id='word_1_177' title='bbox 497 3414 528 3469; x_wconf 90' lang='lat' dir='ltr'><strong>in</strong></span> <span class='ocrx_word' id='word_1_178' title='bbox 540 3414 595 3469; x_wconf 88' lang='lat' dir='ltr'><strong>hoc</strong></span> <span class='ocrx_word' id='word_1_179' title='bbox 610 3435 631 3468; x_wconf 84' lang='grc' dir='ltr'><strong>ω</strong></span> <span class='ocrx_word' id='word_1_180' title='bbox 644 3414 677 3467; x_wconf 88' lang='lat' dir='ltr'><strong>in</strong></span> <span class='ocrx_word' id='word_1_181' title='bbox 689 3415 754 3469; x_wconf 80' lang='lat' dir='ltr'><strong>cicci</strong></span> <span class='ocrx_word' id='word_1_182' title='bbox 768 3413 821 3481; x_wconf 73' lang='lat' dir='ltr'><strong>lin</strong></span> <span class='ocrx_word' id='word_1_183' title='bbox 833 3431 885 3468; x_wconf 80' lang='lat' dir='ltr'><strong>om.</strong></span> <span class='ocrx_word' id='word_1_184' title='bbox 895 3419 1009 3489; x_wconf 69' lang='lat'><strong>110111</strong></span> <span class='ocrx_word' id='word_1_185' title='bbox 1027 3423 1109 3489; x_wconf 86' lang='lat' dir='ltr'><strong>quod</strong></span> <span class='ocrx_word' id='word_1_186' title='bbox 1120 3420 1155 3474; x_wconf 78' lang='lat'><strong>1¹</strong></span> 
     </span>
    </p>

    <p class='ocr_par' dir='ltr' id='par_1_11' title="bbox 63 3483 1174 3592">
     <span class='ocr_line' id='line_1_25' title="bbox 63 3483 1174 3592; baseline 0.01 -56"><span class='ocrx_word' id='word_1_187' title='bbox 63 3512 91 3592; x_wconf 68' lang='grc' dir='ltr'><strong><em>Ι</em></strong></span> <span class='ocrx_word' id='word_1_188' title='bbox 128 3490 168 3538; x_wconf 79' lang='grc'><strong>14</strong></span> <span class='ocrx_word' id='word_1_189' title='bbox 184 3486 263 3556; x_wconf 81' lang='lat' dir='ltr'><strong>ipsis</strong></span> <span class='ocrx_word' id='word_1_190' title='bbox 278 3507 303 3560; x_wconf 81' lang='lat' dir='ltr'><em>y</em></span> <span class='ocrx_word' id='word_1_191' title='bbox 320 3493 334 3561; x_wconf 69' lang='lat' dir='ltr'><strong>[J</strong></span> <span class='ocrx_word' id='word_1_192' title='bbox 350 3494 387 3544; x_wconf 90' lang='lat'><strong>16</strong></span> <span class='ocrx_word' id='word_1_193' title='bbox 409 3487 592 3545; x_wconf 79' lang='lat' dir='ltr'><strong>considerem</strong></span> <span class='ocrx_word' id='word_1_194' title='bbox 613 3489 647 3542; x_wconf 90' lang='grc' dir='ltr'>Π</span> <span class='ocrx_word' id='word_1_195' title='bbox 657 3489 672 3559; x_wconf 69' lang='lat' dir='ltr'><strong>ll</strong></span> <span class='ocrx_word' id='word_1_196' title='bbox 683 3491 716 3540; x_wconf 72' lang='lat' dir='ltr'>ss</span> <span class='ocrx_word' id='word_1_197' title='bbox 738 3483 855 3539; x_wconf 73' lang='lat' dir='ltr'><strong>scribsib</strong></span> <span class='ocrx_word' id='word_1_198' title='bbox 870 3487 965 3552; x_wconf 56' lang='lat' dir='ltr'><strong>pluis</strong></span> <span class='ocrx_word' id='word_1_199' title='bbox 982 3491 1174 3546; x_wconf 57' lang='lat' dir='ltr'><strong>subieeunnd</strong></span> 
     </span>
    </p>
   </div>
   <div class='ocr_carea' id='block_1_6' title="bbox 0 0 1224 3878">
    <p class='ocr_par' dir='ltr' id='par_1_12' title="bbox 0 0 1224 3878">
     <span class='ocr_line' id='line_1_26' title="bbox 0 0 1224 3878; baseline 0 0"><span class='ocrx_word' id='word_1_200' title='bbox 0 0 1224 3878; x_wconf 95' lang='lat' dir='ltr'><strong> </strong></span> 
     </span>
    </p>
   </div>
  </div>
 </body>
</html>
