2438 3878
524 902 566 975 A.
595 902 755 975 GELLII

79 1068 311 1156 nocnlvn
342 1067 642 1155 ATTIOARVM
668 1069 832 1152 LIBER
860 1066 1199 1154 ovooncluvs

632 1414 648 1480 I
664 1406 667 1413 .

132 1537 300 1591 Dissertatio
318 1537 449 1591 Favorini
467 1536 640 1607 philosophi,
663 1552 719 1604 qua
737 1536 826 1590 suasit
844 1536 934 1590 nobili
952 1535 1083 1603 feminae,
1101 1537 1147 1590 uti

168 1609 284 1676 liberos,
304 1625 373 1678 quos
391 1610 555 1678 peperisset,
573 1625 629 1662 non
647 1608 788 1662 nutricum
807 1607 1006 1675 adhibitorum,
1026 1608 1076 1662 sed
1095 1625 1146 1662 suo

168 1681 223 1734 sibi
241 1680 315 1734 lacte
335 1681 430 1734 aleret.

107 1826 120 1874 1
198 1806 392 1872 Nuntiatum
433 1808 594 1891 quondam
635 1812 684 1872 est
719 1806 908 1871 Favorino
947 1806 1185 1890 philosophos

131 1896 225 1965 nobis
252 1897 474 1980 praesentibus
500 1918 633 1960 uxorem
661 1896 815 1960 auditoris
841 1897 1070 1978 sectatorisque
1094 1897 1147 1960 sui

131 1987 299 2070 paululum
323 1990 396 2050 ante
419 1987 546 2050 enixam
569 1989 763 2068 auctumque
786 2007 859 2050 eum
883 2006 951 2049 esse
969 1988 1046 2048 nato
1065 1984 1145 2049 filio.

104 2074 276 2141 2‘Eamus'
301 2075 406 2158 inquit
429 2074 473 2139 ‘et
494 2098 629 2159 puerum
648 2076 753 2139 visum
772 2078 804 2139 et
821 2075 907 2158 patri
925 2075 1144 2160 gratulatum?

105 2161 163 2229 aIs
187 2167 255 2228 erat
276 2164 341 2228 loci
364 2165 515 2229 senatorii
538 2187 578 2228 ex
600 2162 722 2228 familia
745 2164 911 2229 nobiliore.
956 2160 1045 2226 Imus
1070 2185 1145 2246 una,

132 2253 188 2339 qui
206 2255 276 2316 tum
295 2252 470 2338 aderamus,
489 2254 713 2338 prosecutique
731 2275 803 2318 eum
823 2275 933 2317 sumus
948 2252 988 2315 ad
1003 2252 1145 2336 domum,
1160 2277 1184 2317 ro

104 2359 196 2424 aquo
214 2341 376 2425 pergebat,
395 2345 428 2406 et
447 2363 519 2406 cum
538 2364 576 2407 eo
593 2343 690 2407 simul
703 2342 890 2427 introgressi
905 2363 1023 2405 sumus.
1060 2339 1145 2406 Tum

132 2429 168 2493 in
193 2430 306 2513 primis
334 2431 464 2495 aedibus
492 2432 676 2516 complexus
701 2431 865 2495 hominem
889 2429 1145 2516 congratulatus-

133 2540 195 2601 que
223 2519 353 2584 adsedit.
398 2518 507 2603 Atque
531 2521 588 2585 ubi
610 2524 816 2605 percontatus
839 2522 900 2602 est,
928 2541 1025 2602 quam
1049 2519 1143 2583 diuti-

131 2629 210 2671 num
245 2610 450 2693 puerperium
487 2614 519 2674 et
555 2632 651 2694 quam
686 2609 841 2673 laboriosi
872 2609 966 2673 nixus
997 2609 1144 2692 fuissent,

131 2697 335 2780 puellamque
358 2698 514 2763 defessam
536 2698 646 2763 labore
669 2719 705 2762 ac
728 2699 840 2784 vigilia
862 2719 1010 2762 somnum
1029 2718 1143 2781 capere
1158 2724 1182 2764 1s

103 2874 263 2959 5‘dubito,
287 2876 366 2958 quin
388 2877 492 2941 filium
514 2878 598 2942 lacte
621 2898 678 2942 suo
701 2877 862 2940 nutritura
881 2875 943 2940 sit’
986 2874 1048 2940 Sed
1068 2897 1142 2940 cum

128 2967 232 3028 mater
259 2966 385 3048 puellae
412 2966 607 3049 parcendum
635 2987 703 3030 esse
731 2966 761 3029 ei
788 2966 906 3030 diceret
933 2964 1142 3029 adhibendas-

129 3073 192 3135 que
217 3075 317 3138 puero
345 3055 499 3139 nutrices,
526 3076 567 3119 ne
594 3055 634 3119 ad
662 3054 801 3136 dolores,
829 3076 910 3138 quos
933 3055 968 3118 in
990 3053 1140 3118 enitendo

128 3142 267 3226 tulisset,
292 3164 408 3209 munus
432 3165 560 3228 quoque
583 3143 806 3209 nutricationis
830 3164 926 3229 grave
949 3164 986 3207 ac
1009 3143 1141 3207 difficile
1155 3168 1180 3208 ro

129 3279 341 3287 —-—.

200 3359 214 3407 3
238 3354 400 3410 habitarum
418 3359 461 3411 az
485 3354 606 3409 aliarum
625 3358 646 3413 0
667 3357 676 3424 ΙΙ
698 3359 715 3407 4
738 3353 794 3407 sibi
817 3371 866 3408 suo
886 3356 909 3409 δ
936 3354 991 3408 sibi
1014 3369 1064 3408 om.
1085 3355 1120 3407 11
1130 3352 1141 3426 ῙΙ

103 3426 300 3546 oglpprrersffl
308 3431 328 3564 Ξ
336 3426 459 3549 {operm
470 3425 740 3570 puerpeffillllll
749 3426 758 3494 ll
765 3425 826 3550 {¹1¹2
827 3442 912 3550 {pun
922 3428 957 3480 11
966 3427 976 3494 i
993 3429 1025 3479 18
1034 3424 1096 3496 ubi]
1107 3427 1142 3479 11

149 3530 155 3540 ,
215 3512 229 3545 1
247 3512 299 3548 ιω
393 3513 459 3554 oum
474 3514 526 3554 orn.
658 3512 754 3552 minus
