2438 3878
158 183 200 247 98
499 182 563 235 xm
581 188 628 251 293
648 188 681 235 ao
701 185 758 252 (283
778 184 822 252 aa)

157 347 270 410 tellum
311 345 345 409 in
382 343 576 429 Capitolium
614 345 738 409 venisse
774 345 864 408 dixit
891 343 1176 429 ἑμφατικώτερον,

158 457 254 517 quam
278 436 304 498 si
329 436 413 498 ‘cum
436 435 546 499 multis
569 434 766 498 hominibus'
791 432 930 497 dixisset.

131 544 147 592 5
223 523 271 587 Ea
298 545 357 588 nos
386 525 506 607 omnia,
539 545 620 606 quae
647 521 790 587 Fronto
819 521 913 604 dixit,
944 542 1019 585 curn
1049 523 1112 605 ita,
1140 526 1176 588 ut

157 635 216 695 par
233 616 309 694 erat,
331 633 397 676 non
416 611 627 695 adprobantes
646 615 781 693 tanturn,
805 607 859 674 sed
878 610 1077 674 admirantes
1098 632 1176 694 quo·

158 723 218 785 que
238 703 431 765 audiremus:
456 701 571 766 ‘videte
590 700 717 783 tamen,'
741 700 888 782 (inquit)
908 699 959 763 ‘ne
979 700 1175 765 existimetis
1196 723 1205 764 1

158 812 282 873 semper
318 793 414 872 atque
450 791 484 854 in
521 790 609 854 omni
644 789 716 853 loco
750 790 912 852 ‘mortales
943 789 1081 852 multos’
1116 810 1174 872 pro

157 879 279 943 ‘multis
306 878 502 943 hominibus’
533 878 713 961 dicendum,
740 900 780 940 ne
808 879 902 961 plane
929 878 988 941 fiat
1011 874 1174 943 Graecum

155 967 237 1043 illud
260 969 298 1031 de
322 966 507 1033 Varronis
531 971 659 1031 satura
683 967 726 1048 (p.
740 971 804 1032 219
818 965 873 1049 B.)
896 966 1111 1049 proverbium
1134 967 1173 1031 τὸ

131 1054 218 1126 adal
255 1067 298 1142 τῇ
336 1068 437 1142 φακῇ
470 1055 616 1140 μύρον]
669 1054 742 1119 Ηο0
773 1055 927 1120 iudicium
958 1053 1173 1121 Frontonis

156 1146 253 1209 etiarn
285 1146 361 1229 <in>
388 1147 494 1229 parvis
521 1145 717 1228 minutisque
744 1144 908 1209 vocabulis
935 1165 1004 1207 non
1032 1149 1173 1228 praeter·
1184 1169 1202 1210 11

156 1235 347 1298 mittendum
370 1235 490 1318 putavi,
512 1256 552 1298 ne
575 1256 634 1298 nos
654 1233 738 1298 forte
755 1234 880 1317 fugeret
898 1234 1083 1316 lateretque
1104 1234 1173 1298 sub·

61 1401 64 1407 .
156 1323 244 1387 tilior
265 1322 486 1388 huiuscemodi
509 1323 679 1387 verborum
703 1322 923 1386 consideratio.

536 1481 633 1546 11111.
651 1480 786 1569 (min)

293 1585 356 1639 Non
375 1585 510 1640 hactenus
530 1602 590 1640 esse
608 1586 723 1655 faciem,
742 1602 798 1656 qua
816 1585 897 1656 volgo
917 1585 1031 1640 dicitur.

132 1717 144 1764 1
222 1694 483 1760 Annnadvertere
515 1700 563 1760 est
594 1698 746 1780 pleraque
777 1696 947 1760 verborum
978 1694 1171 1762 Latinorum
1181 1721 1197 1762 a

156 1806 195 1847 ex
223 1807 259 1848 ea
286 1785 532 1870 significatione,
560 1785 598 1849 de
622 1807 684 1868 qua
706 1790 782 1851 nata
805 1789 893 1866 sunt,
921 1785 1103 1850 decessisse
1125 1786 1172 1850 vel

155 1874 190 1937 in
217 1874 312 1938 aliam
340 1875 437 1958 longe
459 1876 511 1938 vel
532 1875 567 1938 in
589 1875 769 1958 proximam
793 1895 926 1956 eamque
950 1873 1169 1940 decessionem

155 1963 273 2028 factam
297 1985 364 2027 esse
387 1964 616 2028 consuetudine
639 1967 671 2027 et
693 1964 820 2027 inscitia
842 1967 961 2027 temere
984 1963 1170 2045 dicentium,

129 2071 251 2135 aquae,
274 2053 414 2117 cuimodi
437 2053 510 2135 sint,
531 2075 598 2117 non
621 2051 796 2116 didicerint.
844 2051 945 2116 Sicuti
969 2054 1108 2134 quidam
1130 2054 1169 2117 fa-

156 2142 236 2204 ciem
274 2163 341 2206 esse
377 2141 516 2205 hominis
553 2145 668 2225 putant
703 2162 738 2204 os
769 2144 896 2205 tanturn
928 2145 960 2204 et
995 2144 1111 2208 oculos
1142 2145 1195 2206 etr

156 2251 267 2314 genas,
300 2232 386 2312 quod
415 2229 527 2295 Graeci
554 2233 732 2311 πρόσωπον
760 2230 883 2312 dicunt,
913 2231 1046 2312 quando
1075 2233 1168 2296 facies

155 2319 197 2382 sit
228 2319 332 2382 forma
364 2321 467 2383 omnis
500 2324 532 2384 et
563 2321 677 2384 modus
705 2323 737 2383 et
763 2319 887 2383 factura
914 2320 1088 2400 quaedam
1107 2342 1168 2386 eor·

154 2409 242 2490 poris
273 2409 373 2472 totius
405 2430 424 2470 a
451 2408 597 2473 faciendo
625 2409 722 2492 dicta,
747 2413 790 2481 ‚ut
817 2408 856 2471 ab
885 2411 1018 2491 aspectu
1051 2411 1167 2495 species

127 2500 187 2562 oet
214 2517 233 2559 a
260 2496 409 2581 fingendo
437 2497 548 2582 figura.
598 2495 710 2579 Itaque
737 2496 926 2561 Pacuvius
953 2497 990 2560 in
1017 2501 1166 2585 tragoe-

155 2585 229 2667 dia,
257 2605 338 2666 quae
362 2584 502 2668 Niptra
528 2587 726 2669 inscribitur,
753 2586 888 2650 faciem
917 2585 1000 2650 dixit
1028 2587 1191 2653 hominist

154 2694 213 2757 pro
237 2674 379 2756 corporis
402 2674 603 2760 longitudine
627 2674 668 2756 (o.
686 2677 750 2740 253
764 2672 845 2759 R.³):

563 2784 688 2845 aetate
711 2781 817 2863 inquit
839 2779 1007 2865 integra,

141 2873 145 2880 ‘
199 2869 320 2932 feroci
343 2868 512 2953 ingenio,
534 2869 634 2933 faeie
657 2870 815 2953 procera
837 2869 969 2932 virum.

227 3048 259 3095 19
270 3059 329 3112 sqq.
353 3042 424 3096 Non.
443 3044 457 3097 1
474 3062 501 3112 p.
522 3049 564 3112 52,
584 3048 618 3097 20
638 3046 682 3110 (=
698 3042 765 3099 CGL
783 3042 809 3097 V
827 3048 887 3111 649,
908 3045 952 3112 18)
973 3042 1000 3097 V
1014 3063 1043 3114 p.
1060 3052 1122 3114 496,
1135 3047 1162 3097 39

153 3113 219 3168 Isid.
234 3112 272 3166 XI
286 3120 311 3181 1,
326 3119 359 3166 33
375 3113 432 3168 diff.
448 3120 499 3169 589
518 3113 657 3169 G1.Reiff.
674 3120 707 3169 35
780 3120 812 3167 21
824 3133 883 3183 sqq.
900 3113 1004 3169 Donat.
1020 3115 1085 3172 Ter.
1100 3117 1161 3171 Eun

153 3184 180 3238 Π
194 3189 249 3252 as
269 3183 342 3238 Serv.
358 3185 389 3240 A.
404 3185 441 3255 pl.
457 3185 521 3240 Vm
536 3192 586 3239 101
602 3185 649 3257 (VI
665 3191 715 3239 104
733 3185 873 3255 1111190)

225 3352 241 3399 3
269 3363 364 3401 omnes
388 3350 408 3405 9
436 3345 512 3400 omni
534 3350 552 3397 z
575 3348 623 3415 llo
650 3346 744 3414 inquit
766 3346 828 3400 add.
852 3363 867 3400 σ
889 3348 898 3415 ΙΙ
922 3350 955 3398 19
984 3346 1016 3400 in
1041 3350 1141 3404 oddo

156 3424 190 3472 14
212 3432 297 3487 quam
318 3423 368 3478 QX
390 3418 400 3487 ll
423 3423 456 3471 16
479 3418 509 3471 in
532 3433 588 3486 qua
610 3436 630 3487 γ
652 3420 661 3489 ΙΙ
686 3423 717 3470 19
742 3417 898 3477 cuiusmodi
916 3421 938 3476 Q
958 3417 963 3487 Ι
984 3419 1104 3488 quidem
1121 3415 1157 3487 dl

149 3495 187 3540 20
201 3491 295 3543 tamen
308 3491 338 3544 et
347 3489 405 3550 0¹2
417 3491 427 3559 ll
441 3495 474 3542 23
490 3505 507 3542 a
521 3490 616 3556 specto
625 3490 661 3560 ql.
672 3490 755 3556 Reiffi
770 3492 894 3557 aspectu
904 3488 993 3544 Bothe
1008 3493 1017 3561 ΙΙ
1032 3497 1068 3546 95
1083 3491 1161 3560 nupto

131 3558 212 3613 Non.
226 3560 395 3630 [scribitur
407 3561 469 3622 ZQ’
488 3560 651 3617 scribuntur
666 3563 759 3632 91199
774 3559 882 3615 loroces
893 3562 919 3615 9
