2438 3878
526 187 603 244 XVII
621 195 651 255 43
671 195 686 242 ⁵
1052 188 1115 253 197

100 373 155 416 sus
187 351 324 436 legimus
357 351 392 415 in
422 352 538 437 libro,
571 351 627 436 qui
660 352 842 417 chronica
868 352 1041 436 inscriptus
1069 356 1119 416 est

100 441 156 523 (fr.
172 445 215 504 77
225 461 260 522 p.
274 441 338 504 358
350 440 433 523 Jo.):

146 566 367 649 Κηφισιεὺς
390 563 443 630 ὢν
466 564 507 630 ἐκ
529 569 776 641 Διοπείθους
798 566 944 650 πατρὸς

146 655 243 738 πρὸς
265 663 395 718 τοῖσιν
419 652 558 720 ἑκατὸν
580 653 694 720 πέντε
717 654 869 739 γράψας
892 653 1068 739 δράματα

73 768 85 808 a
148 741 297 820 ἐξέλιπε
319 746 563 827 πεντήκοντα
586 741 650 808 καὶ
674 745 786 831 δυεῖν
809 741 914 807 ἐτῶν.

100 853 163 931 Er
176 867 246 931 istis
269 871 378 931 tamen
401 871 530 932 centum
554 871 587 933 et
609 869 752 951 quinque
776 866 925 932 omnibus
947 867 1024 931 solis
1043 883 1143 931 eume

103 960 176 1021 octe
191 957 305 1022 vicisse
314 956 399 1021 idem
409 954 673 1040 Apollodorus
688 957 818 1021 eodem
832 957 867 1020 in
879 955 982 1021 libro
998 956 1116 1021 scribit.

596 1134 627 1198 V

101 1254 288 1325 Nequaquam
312 1271 372 1310 esse
394 1271 502 1323 verum,
530 1256 606 1323 quod
628 1255 746 1309 minutis
770 1255 939 1324 quibusdam
962 1254 1118 1309 rhetoricae

59 1342 87 1382 ro
138 1326 293 1380 artificibus
311 1327 449 1394 videatur,
468 1327 505 1381 M.
521 1325 680 1381 Ciceronem
700 1327 731 1380 iu
744 1326 825 1395 libro,
845 1342 928 1394 quem
943 1325 977 1380 de
992 1327 1118 1380 amicitia

140 1399 261 1467 scripsit,
283 1397 385 1452 vitioso
404 1400 569 1468 argumento
587 1416 670 1452 usum
688 1399 952 1469 ἀμφισβητούμενον
970 1398 1034 1452 ἀντὶ
1053 1397 1117 1467 ὁμο-

139 1467 309 1539 λογουμένου
336 1469 476 1538 posuisse3
504 1471 651 1540 totumque
679 1470 710 1524 id
738 1469 940 1524 consideratius
965 1470 1118 1523 tractatum

140 1540 380 1610 exploratumque.

171 1666 214 1730 M.
235 1665 368 1733 Cicero
391 1668 426 1732 in
448 1669 586 1754 dialogo,
610 1669 662 1732 cui
685 1669 800 1733 titulus
823 1672 871 1732 est
889 1667 1044 1732 Laelius
1067 1669 1144 1733 vell

60 1783 87 1823 ιι
104 1757 148 1820 de
171 1757 357 1840 amicitia,
380 1757 493 1822 docere
516 1758 627 1822 volens
650 1759 826 1822 amicitiam
846 1778 913 1821 nou
931 1779 988 1840 spe
1007 1777 1118 1841 expec-

102 1846 289 1928 tationeque
325 1847 476 1910 utilitatis
510 1868 614 1930 neque
646 1848 742 1931 pretii
773 1846 992 1929 mercedisque
1023 1865 1119 1910 causa

102 1934 279 2017 colendam,
302 1935 366 2019 sed,
389 1936 475 2017 quod
498 1935 569 2019 ipsa
591 1958 650 2019 per
671 1957 740 2000 sese
760 1936 856 2019 plena
874 1935 1003 1998 virtutis
1021 1934 1118 1998 hene·

103 2024 260 2106 statisque
283 2024 339 2106 sit,
367 2025 577 2108 expetendam
600 2024 859 2109 diligendamque
883 2045 965 2106 esse,
993 2023 1118 2087 etiamsi

101 2112 186 2176 nihil
218 2113 288 2197 opis
320 2111 467 2195 nihilque
494 2113 703 2177 emolumenti
731 2134 771 2176 ex
799 2134 836 2177 ea
863 2112 986 2195 percipi
1013 2115 1119 2194 queat,

60 2227 88 2266 re
102 2201 164 2265 hac
191 2203 350 2266 sententia
378 2206 474 2285 atque
500 2202 551 2266 his
579 2201 686 2266 verbis
712 2224 790 2265 usus
818 2204 867 2265 est
892 2222 992 2283 eaque
1015 2200 1118 2265 dicere

102 2290 182 2355 facit
203 2289 236 2354 Ο.
254 2288 410 2374 Laelium,
433 2293 611 2375 sapientem
634 2291 748 2372 virum,
772 2290 827 2372 qui
845 2288 954 2353 Publii
973 2287 1118 2353 Africani

101 2379 208 2443 fuerat
231 2380 444 2445 amicissimus
467 2380 540 2463 (IX
551 2379 621 2463 30):
646 2379 743 2455 Quid
767 2379 887 2443 enim?
909 2377 1143 2443 Africanum

101 2467 280 2552 indigens
309 2469 403 2533 mei?
432 2490 478 2532 ne
505 2490 575 2555 ego
604 2468 755 2552 quidem
783 2469 901 2532 illius.
949 2465 1020 2532 Sed
1048 2489 1117 2553 ege

101 2557 358 2622 admiratione
381 2558 539 2640 quadam
561 2559 720 2622 virtutis
740 2558 836 2640 eius,
858 2558 927 2621 ille
945 2557 1117 2621 vicissim

62 2672 86 2712 ιι
102 2645 289 2729 opinione
312 2645 480 2710 fortasse
502 2647 701 2730 nonnulla,
726 2669 836 2730 quam
859 2647 903 2710 de
925 2646 1018 2710 meis
1042 2667 1117 2710 mo-

100 2734 210 2799 ribus
233 2734 413 2818 habebat,
435 2757 491 2800 me
512 2735 664 2819 dilexit;
687 2736 796 2799 auxit
813 2735 1117 2799 benivolentiam

101 2823 350 2888 consuetudo.
397 2822 468 2888 Sed
497 2846 722 2907 quamquam
750 2825 947 2889 utilitates
975 2825 1117 2888 multae

175 3040 199 3088 δ’
212 3033 289 3088 said.
305 3051 325 3089 s.
340 3052 365 3088 v.
380 3033 550 3103 Μένανδρος
563 3035 652 3088 Auen.
667 3035 732 3102 περὶ
747 3038 855 3106 κωμφδ.

174 3213 480 3281 ικιοιοιεγοιιοηι
498 3213 558 3266 ion
570 3212 612 3356 ιι
628 3211 687 3266 ae
699 3199 878 3266 caramalus
893 3212 897 3283 ι
915 3211 1118 3265 Διοηιοογο

100 3286 184 3357 ι-ΟΙΕ
196 3287 243 3354 H)
254 3305 275 3337 ω
289 3280 459 3345 Διοπείθεος
468 3285 566 3355 Heprw
578 3283 581 3355 ι
614 3283 686 3355 τοῦ)
700 3283 806 3351 πατρὸς
817 3284 942 3336 Mainake
955 3285 964 3352 ι
978 3287 995 3334 4
1008 3282 1118 3336 Torc-

101 3357 222 3411 ΚὰΤΟΝ
238 3360 256 3407 z
275 3356 412 3409 ΤΟΙΕΕΚ.
428 3374 450 3407 cc
468 3370 536 3410 corr.
554 3355 732 3410 Οοεοιιιιοιιιιε
748 3355 752 3426 ι
770 3354 883 3407 speleo
899 3357 934 3408 H
948 3354 951 3424 ι
969 3349 1116 3407 deMdT'

99 3427 171 3555 ι-οτ
192 3429 220 3495 z)
240 3446 262 3479 a
275 3427 315 3495 ιι
335 3426 506 3490 εξειειπε
526 3424 769 3479 nectareum
787 3426 827 3479 se
846 3427 900 3492 fere
919 3445 940 3476 a
956 3425 1078 3494 quiem
1091 3426 1132 3496 m

123 3500 198 3554 ΙΕΙΠ
213 3503 231 3550 z
245 3499 254 3567 ιι
269 3504 288 3552 ‘1'
302 3496 411 3567 scribit]
427 3501 448 3556 Q
466 3497 579 3568 scripsit
593 3517 614 3551 ω
628 3499 641 3569 ιι
653 3501 684 3551 1'1
703 3496 799 3569 quedl
809 3495 844 3550 ιι8
865 3511 925 3564 quo
941 3516 964 3547 ru
972 3495 1040 3560 qun
1051 3496 1153 3538 uerar-

99 3572 153 3625 bus
168 3571 217 3637 διι
227 3574 262 3621 23
278 3584 332 3621 nec
343 3573 370 3620 x
386 3567 505 3626 minime
523 3570 659 3627 hercule!
678 3588 717 3627 ac
734 3587 775 3626 ue
790 3569 852 3626 Oto.
