2438 3878
134 197 177 261 28
594 197 645 251 IIII
665 206 678 253 1

133 382 212 444 pore
235 361 389 444 cuiusque
412 383 451 424 ex
474 361 629 447 sanguine
653 365 819 425 concretus
842 360 940 424 homo
960 364 992 425 11
1011 359 1150 424 coalitus

91 471 123 519 12
134 449 198 514 sit?
221 473 263 514 an
281 450 357 532 quia
375 450 490 533 spiritu
508 451 611 514 multo
631 454 663 514 et
681 451 787 514 calore
805 449 957 532 exalbuit,
977 471 1044 512 non
1062 450 1150 514 idem

91 539 265 624 rasanguis
289 544 337 603 est
357 539 495 603 nuncin
512 539 674 622 uberibus,
697 539 806 622 quiin
824 542 914 603 utero
933 537 1017 602 fuit?
1040 561 1150 604 nonne

133 628 195 692 hac
223 649 351 711 quoque
376 629 412 692 in
433 651 467 693 re
491 629 633 709 sollertia
655 632 787 692 naturae
810 627 938 692 evidens
962 632 1024 710 est,
1052 629 1151 711 quod,

134 721 304 800 postquam
329 717 459 802 sanguis
478 718 532 781 ille
553 717 660 801 opifex
678 717 713 780 in
731 716 947 801 penetralibus
967 717 1033 780 suis
1053 738 1151 781 omne
1178 742 1190 784 1

135 827 251 890 corpus
274 805 415 870 hominis
438 807 545 889 finxit,
568 806 759 870 adventante
781 808 846 870 iam
869 810 980 889 partus
1003 810 1150 889 tempore

135 896 170 958 in
197 916 350 978 supernas
378 917 411 959 se
436 896 536 979 partis
560 895 693 979 perfert,
721 895 921 959 adferenda
943 896 1027 958 vitae
1052 899 1150 978 atquc

134 983 216 1047 lucis
243 983 424 1048 rudimenta
450 988 577 1068 praesto
606 989 654 1050 111
681 988 713 1048 11
737 1005 847 1048 recens
870 984 955 1047 natis
978 988 1093 1048 notum
1117 988 1151 1048 et

92 1093 125 1141 14
134 1072 325 1137 familiarem
361 1075 482 1138 rictum
516 1073 630 1138 offert?
685 1073 899 1150 Quamobrem
932 1094 997 1137 non
1028 1073 1151 1138 frustra

136 1163 291 1226 creditum
314 1167 372 1245 est,
395 1163 488 1226 sicuti
512 1162 616 1227 valeat
639 1162 680 1227 ad
702 1163 867 1248 fingendas
891 1162 1033 1244 corporis
1052 1166 1189 1245 atquem

134 1251 234 1315 animi
261 1251 487 1316 similitudines
514 1253 563 1316 vis
591 1255 623 1314 et
650 1256 764 1315 natura
792 1251 935 1334 seminis,
964 1273 1030 1314 non
1058 1273 1150 1315 secus

135 1341 176 1411 ad
203 1341 335 1405 eandem
362 1363 431 1405 rem
458 1340 550 1404 lactis
579 1362 707 1423 quoque
729 1341 859 1425 ingenia
882 1345 914 1404 et
936 1341 1151 1423 proprietates

92 1451 124 1499 15
135 1431 248 1494 valere.
293 1427 407 1512 Neque
435 1430 470 1492 in
496 1429 682 1494 hominibus
709 1430 742 1493 id
770 1430 888 1512 solum,
915 1429 970 1493 sed
998 1431 1032 1493 in
1054 1451 1151 1513 pecu-

137 1518 230 1582 dibus
269 1539 397 1602 quoque
429 1518 694 1582 animadversum.
748 1516 834 1582 Nam
866 1520 893 1582 si
926 1519 1035 1582 ovium
1066 1519 1151 1583 lacte

136 1607 231 1671 haedi
253 1610 310 1670 111
332 1628 500 1690 caprarum
523 1608 598 1691 agni
621 1609 756 1691 alantur,
779 1611 906 1672 constat
928 1607 1027 1671 ferme
1046 1608 1082 1671 in
1099 1607 1152 1672 his
1166 1633 1189 1675 1

135 1696 242 1760 lanam
275 1696 448 1780 duriorem,
481 1696 515 1759 in
547 1696 612 1761 illis
645 1695 798 1780 capillum
831 1696 922 1781 gigni
949 1697 1151 1761 teneriorem.

93 1783 176 1855 leIn
203 1784 370 1848 arboribus
398 1786 495 1849 etiam
523 1789 557 1849 et
582 1786 730 1871 frugibus
758 1786 861 1849 maior
887 1786 1076 1869 plerumque
1102 1787 1152 1850 vis

137 1878 169 1938 et
200 1877 343 1957 potestas
376 1878 424 1938 cst
455 1875 496 1938 ad
528 1896 636 1938 earnm
665 1873 806 1938 indolem
834 1875 885 1938 vel
914 1874 1152 1939 detrectandam

135 1964 188 2027 vel
219 1963 400 2048 augendam
431 1986 586 2047 aquarum
614 1968 711 2046 atquc
737 1967 908 2046 terrarum,
941 1985 1022 2046 quae
1050 1965 1152 2047 alunt,

136 2074 232 2135 quam
261 2052 374 2135 ipsius,
408 2054 494 2135 quod
520 2053 648 2137 iacitur,
680 2053 824 2135 seminis,
854 2074 892 2116 ac
919 2074 1013 2136 saepe
1041 2053 1151 2117 videas
1166 2079 1189 2120 1

136 2141 282 2206 arborem
309 2142 427 2205 laetam
456 2146 487 2206 et
514 2143 670 2207 nitentem
695 2143 730 2206 in
752 2141 859 2205 locum
882 2140 981 2205 alium
1005 2145 1151 2226 transpo-

93 2231 231 2301 usiam
259 2230 425 2295 deterioris
448 2236 551 2296 terrae
575 2253 651 2296 suco
676 2232 843 2314 deperisse.
890 2230 991 2313 Quae,
1019 2230 1152 2314 malum,

136 2320 236 2404 igitur
261 2320 345 2384 ratio
374 2323 422 2384 est
448 2320 652 2385 nobilitatem
679 2322 774 2384 istam
798 2320 866 2383 nati
888 2320 985 2383 modo
1008 2320 1152 2384 hominis

136 2430 316 2492 corpusque
348 2413 380 2472 et
411 2409 554 2472 animum
584 2410 665 2474 bene
692 2410 864 2495 ingeniatis
891 2409 1077 2492 primordiis
1104 2411 1152 2473 in-

137 2497 289 2560 choatum
325 2498 456 2562 insitire
494 2497 705 2582 degenerique
742 2499 895 2563 alimento
928 2498 1020 2562 lactis
1053 2499 1152 2562 alieni
1165 2523 1189 2565 11

137 2587 361 2670 corrumpere?
389 2588 576 2669 praesertim
599 2588 627 2650 si
650 2588 724 2670 ista,
750 2608 846 2669 quam
870 2586 910 2650 ad
933 2587 1152 2671 praebendum

137 2676 255 2739 lactem
283 2675 491 2760 adhibebitis,
524 2679 580 2739 aut
607 2698 699 2740 serva
726 2680 781 2740 aut
809 2677 933 2740 servilis
961 2680 1010 2741 111
1037 2679 1083 2760 11,
1115 2681 1153 2740 11

76 2846 80 2851 ¹
136 2763 325 2848 plerumque
349 2765 443 2847 solet,
472 2769 621 2830 externae
645 2769 677 2829 et
699 2765 852 2829 barbarae
875 2766 1014 2829 nationis
1038 2770 1100 2849 est,
1124 2767 1152 2830 si

137 2853 286 2936 inproba,
318 2855 346 2917 si
378 2854 538 2936 informis,
570 2854 598 2918 si
628 2855 793 2938 inpudica,
826 2856 853 2918 si
884 2853 1061 2919 temulenta
1090 2860 1152 2939 est3

136 2965 211 3006 nam
239 2941 429 3025 plerumque
456 2943 524 3007 sine
549 2943 743 3027 discrimine,
772 2964 992 3027 quaecumque
1015 2944 1048 3007 id
1071 2948 1152 3009 tem·
1165 2970 1189 3011 11

94 3049 127 3097 18
138 3032 226 3115 poris
258 3031 380 3095 lactans
413 3035 474 3115 111,
506 3031 651 3096 adhiberi
679 3033 769 3097 solet.
818 3030 1024 3097 Patiemume
1050 3034 1153 3119 igitur

208 3213 294 3275 3sqq.
314 3207 399 3261 Macr.
414 3206 440 3261 V
455 3214 496 3275 11,
513 3213 546 3261 14
556 3225 616 3276 sqq.
737 3213 770 3260 22
780 3224 820 3274 sq.
839 3207 904 3261 XIII
919 3214 961 3275 12,
975 3212 992 3260 8
1010 3207 1062 3262 XV
1077 3214 1120 3275 31,
1135 3215 1152 3262 4

137 3277 192 3331 Cic.
209 3277 254 3332 off.
269 3279 296 3331 Π
311 3284 352 3347 15,
367 3284 400 3332 53
420 3279 478 3332 Liv.
493 3279 519 3332 V
532 3285 575 3347 54,
591 3284 607 3332 6
715 3284 749 3332 24
768 3278 858 3333 Plaut.
874 3279 933 3332 Mil.
950 3285 999 3332 731

209 3444 222 3492 1
242 3455 297 3506 quo
317 3439 402 3492 alitus
422 3439 497 3507 «5115
515 3437 739 3507 penetrabilibus
755 3440 826 3508 2116
846 3438 955 3494 effinxit
973 3441 1060 3509 atque
1079 3441 1152 3495 aluit

128 3510 223 3561 Maer,
243 3513 260 3576 ))
284 3515 298 3562 7
316 3508 628 3578 111111111οΠ11111
651 3510 689 3562 ad
708 3513 750 3568 02
774 3512 783 3579 ΙΙ
806 3515 838 3563 27
862 3512 908 3566 lac
930 3513 998 3565 tunc
1015 3512 1053 3564 11²
1075 3512 1150 3566 lacte

52 3642 58 3647 ἡ
109 3574 254 3642 Marem
263 3584 301 3631 30
314 3579 461 3650 pleraque
474 3581 516 3634 Χι
529 3584 540 3652 Η
553 3587 587 3636 31
607 3580 835 3636 11111111οΜ
