2438 3878
103 116 106 125 Ι
151 170 195 235 80
560 169 625 222 nm
644 176 675 223 21
696 172 752 240 (20)

151 333 239 410 Quae
271 338 359 417 sunt,
391 333 518 416 opinor,
550 333 745 398 iucundioris
775 332 978 419 gracilitatis,
1012 354 1114 417 quam
1141 335 1167 399 si

125 440 208 488 vsuo
232 426 404 505 utrumque
426 422 498 487 loco
522 443 580 505 per
602 445 619 486 e
642 423 783 486 litteram
806 422 912 487 dicas?
953 419 1001 486 At
1021 423 1091 506 ille,
1115 423 1166 506 qui

151 512 414 596 interrogaverat,
445 512 534 575 rudis
567 512 710 594 profecto
743 515 775 575 et
802 533 877 577 aure
903 512 1026 596 agresti
1055 513 1166 578 homo:

152 601 230 665 ‘cur'
258 601 365 683 inquit
393 600 491 664 ‘aliud
518 601 582 664 alio
607 601 642 664 in
663 603 735 665 loco
758 602 866 684 potius
889 601 1078 685 rectiusque
1103 623 1166 666 esse

123 691 250 773 edicas,
280 711 346 753 non
373 711 449 753 sane
475 690 649 775 intellego!
700 689 783 753 Tum
809 689 957 754 Probus
986 690 1055 754 iam
1085 713 1194 757 com-s

150 781 281 843 metior:
314 778 402 842 ‘noli'
432 778 538 861 inquit
567 779 678 863 ‘igitur
703 779 863 861 laborare,
889 781 1001 843 utrum
1028 779 1166 844 istorum

151 869 265 932 debeas
289 866 401 950 dicere,
427 867 538 931 ‘urbis'
563 890 604 931 an
628 868 755 931 ‘urbes'.
799 865 884 930 Nam
908 888 983 932 cum
1006 869 1043 932 id
1067 890 1166 954 genus

151 959 204 1040 sis,
223 956 310 1038 quod
327 956 429 1039 video,
447 960 484 1020 ut
503 957 571 1021 sine
588 957 711 1021 iactura
729 960 785 1020 tna
803 977 923 1040 pecces,
942 956 1028 1021 nihil
1044 959 1166 1042 perdes,

150 1049 258 1109 utrum
282 1045 420 1109 dixeris?

124 1153 139 1200 9
216 1133 277 1198 His
300 1138 370 1198 tum
393 1134 497 1199 verbis
516 1133 662 1198 Probus
684 1135 794 1198 etheo
812 1133 869 1198 fini
887 1133 1060 1199 hominem
1078 1137 1194 1202 dimi-o

150 1224 201 1307 sit,
224 1228 261 1288 ut
283 1245 353 1287 mos
377 1224 445 1288 eius
465 1224 528 1288 fnit
546 1244 623 1307 erga
640 1223 803 1306 indociles,
826 1244 927 1307 prope
945 1222 1166 1290 inclementer.

106 1331 139 1378 10
149 1311 219 1377 Nos
238 1316 345 1376 autem
360 1312 448 1376 aliud
462 1334 590 1394 quoque
604 1315 717 1395 postea
730 1313 940 1377 consimiliter
952 1335 973 1376 a
986 1311 1167 1400 Vergilio

150 1403 271 1484 duplici
302 1401 398 1465 modo
432 1402 588 1484 scriptum
615 1401 802 1466 invenimus.
851 1400 936 1465 Nam
964 1405 1000 1466 et
1027 1405 1112 1469 tres
1138 1407 1167 1468 et

149 1491 221 1554 tris
254 1489 365 1573 posuit
397 1491 508 1554 eodem
541 1490 575 1553 in
602 1492 673 1555 loco
702 1513 738 1554 ea
765 1490 875 1554 iudicii
902 1490 1104 1576 subtilitate,
1135 1496 1168 1557 ut

151 1580 177 1642 si
205 1579 297 1643 aliter
325 1579 440 1642 dixeris
469 1581 705 1662 mutaverisque
733 1583 766 1644 et
792 1580 915 1662 aliquid
941 1583 1056 1644 tamen
1084 1583 1195 1648 aurien

107 1667 281 1750 11habeas,
314 1668 431 1731 sentias
465 1669 655 1732 suavitatem
685 1669 809 1732 sonitus
837 1669 992 1733 claudere,
1046 1669 1168 1736 Versus

151 1779 190 1820 ex
213 1757 357 1821 decimo
381 1756 514 1839 (asco)
536 1757 571 1820 hi
595 1761 681 1821 sunt:

194 1867 272 1928 tres
305 1883 454 1947 quoque
482 1862 681 1928 Threicios
709 1863 851 1928 Boreae
885 1865 927 1929 de
959 1871 1082 1949 gente
1113 1891 1169 1933 su-

734 1975 862 2036 prema

195 2046 230 2105 et
266 2041 351 2125 tris,
388 2063 482 2125 quos
517 2041 601 2106 Idas
638 2046 747 2125 pater
783 2047 819 2106 et
855 2041 982 2125 patria
1019 2041 1197 2111 Ismarus

733 2131 863 2194 mittit.

150 2236 240 2300 Tres
263 2237 339 2321 illic,
361 2239 432 2302 tris
456 2238 522 2320 hic;
545 2238 709 2320 pensicula
730 2241 902 2320 utrumque
920 2238 1169 2323 modulateque:

106 2348 139 2395 12
149 2327 287 2408 reperies
311 2348 369 2389 suo
393 2327 532 2409 quidque
556 2327 590 2389 in
607 2328 679 2390 loco
700 2348 811 2389 sonare
831 2327 1006 2409 aptissime.
1053 2327 1120 2394 Sed
1137 2331 1169 2394 in

149 2415 206 2478 illo
232 2435 358 2497 quoque
381 2416 492 2479 itidem
515 2414 683 2500 Vergilii
705 2437 799 2479 versu
824 2415 878 2497 (A.
893 2415 935 2478 ΙΙ
947 2417 1044 2499 554):

194 2521 285 2585 haec
307 2522 401 2585 finis
423 2520 565 2585 Priami
587 2522 766 2605 fatorum,
1179 2549 1197 2591 a

151 2628 178 2690 si
206 2631 310 2691 mutes
338 2628 430 2692 haec
458 2632 489 2691 et
517 2628 582 2692 ‘hic
608 2629 693 2692 finis'
723 2628 820 2707 dicas,
848 2628 964 2692 durum
991 2635 1097 2714 atque
1119 2632 1168 2696 als

151 2738 264 2779 sonum
289 2717 358 2799 erit,
380 2720 595 2799 respuentque
618 2739 719 2799 aures,
743 2718 828 2801 quod
847 2721 1033 2783 mutaveris.
1081 2721 1168 2788 Sicut

150 2806 231 2868 illud
268 2810 378 2869 contra
415 2807 556 2870 eiusdem
588 2805 755 2891 Vergilii
792 2807 955 2871 insuavius
987 2809 1109 2895 facias,
1143 2810 1168 2875 si

149 2897 254 2957 mutes
278 2894 333 2977 (A.
348 2893 373 2958 I
380 2896 474 2978 241):

337 3023 444 3084 quem
468 3002 532 3065 das
555 3002 686 3085 finem,
709 3024 774 3066 rex
796 3023 943 3085 magne,
965 3003 1194 3072 laborumle

222 3182 256 3229 25
267 3193 326 3245 sqq.
345 3176 426 3245 (Non.
441 3175 480 3229 ΠΙ
493 3195 519 3246 p.
536 3182 596 3243 205,
611 3177 637 3245 5)

222 3343 237 3390 8
256 3338 318 3408 tua]
337 3340 360 3392 δ
382 3338 532 3408 151γ1113
551 3336 678 3390 iuuemus
699 3336 754 3404 0¹1(
770 3343 803 3389 14
822 3335 935 3390 iudiciis
953 3337 989 3396 αἱ
1008 3339 1117 3397 iudicis
1129 3347 1147 3395 Ζ
1158 3340 1166 3410 Ι(

153 3413 185 3462 15
209 3410 381 3477 mutatisque
401 3413 422 3468 Q
439 3411 448 3478 ΙΙ
468 3414 500 3462 16
522 3408 680 3462 sentencias
699 3409 722 3462 d
739 3410 748 3476 ΙΙ
767 3413 800 3461 18
818 3407 933 3462 traicias
953 3414 975 3468 Q
992 3413 1003 3480 l
1023 3417 1058 3466 22
1080 3412 1165 3482 tried

150 3498 184 3535 cx
203 3483 228 3550 e)
245 3484 336 3551 01125
354 3480 406 3534 hec
425 3481 451 3548 (e
469 3498 503 3534 ea
521 3484 548 3550 ο)
563 3484 584 3539 Q
597 3481 606 3549 ΙΙ
620 3485 653 3532 16
672 3481 763 3533 mutes
781 3479 833 3533 hec
852 3480 881 3533 et
899 3484 922 3538 Q
945 3481 1034 3537 simul
1052 3487 1088 3540 nt
1106 3488 1166 3555 ety

137 3550 170 3601 εί
180 3554 278 3604 mutes
295 3551 405 3606 lutetz
421 3553 524 3622 mutes,
543 3553 577 3607 ut
592 3553 732 3608 Monoecus
743 3552 757 3620 tl
768 3555 801 3604 311
820 3553 905 3604 send
