2438 3878
123 196 166 259 20
582 194 620 247 XI
640 200 671 247 16

125 358 318 444 ‘multiiuga’
352 359 486 422 dicimus
515 361 547 422 et
575 357 799 421 ‘multicolora’
829 361 860 421 et
888 356 1132 421 multiformia.

98 446 187 513 oSed
213 469 280 511 non
307 448 412 511 minus
435 447 574 530 inlepide
597 447 642 510 ita
666 447 835 529 diceretur,
864 468 959 528 quam
986 447 1013 510 si
1036 447 1133 509 inter-

124 538 242 621 pretari
274 557 352 600 voce
383 559 447 600 una
479 536 558 600 velis
591 538 796 618 πολυφιλίαν
823 539 879 598 aut
905 538 1134 618 πολντροπίοον

99 630 180 691 saut
212 627 445 710 πολυσαρκίαν.
497 624 725 707 Quamobrem,
757 645 829 688 cum
862 625 984 688 diutule
1016 625 1133 688 tacitus

124 716 158 778 in
181 715 351 800 cogitando
373 714 514 796 fuissem,
536 714 686 797 respondi
704 714 832 777 tandem
850 735 917 777 non
934 713 1034 777 videri
1053 713 1133 776 mihi
1164 741 1176 780 s

124 804 300 889 significari
318 825 387 867 eam
406 825 473 867 rem
492 825 586 886 posse
604 824 668 866 uno
687 803 817 867 nomine
835 806 868 866 et
886 802 1004 866 idcirco
1024 802 1133 866 iuncta

125 894 281 975 oratione,
317 892 395 975 quid
426 891 523 956 vellet
555 890 709 956 Graecum
740 892 774 955 id
805 892 951 974 verbum,
986 913 1133 974 pararam

125 982 236 1045 dicere.

192 1068 255 1133 ‘Ad
277 1070 394 1134 multas
416 1070 517 1155 igitur
538 1092 588 1134 res
611 1070 773 1154 adgressio
796 1091 968 1152 earumque
989 1070 1134 1134 omnium

124 1181 230 1223 rerum
253 1160 337 1223 actio
359 1159 672 1244 πολυπρογμοσύνη’
697 1159 829 1241 inquam
854 1155 983 1223 ‘Graece
1007 1159 1177 1242 dicitur,1o

125 1248 171 1312 de·
195 1270 258 1330 qua
289 1247 376 1311 huno
404 1248 524 1312 librum
552 1248 754 1330 conpositum
782 1269 849 1311 esse
877 1249 1043 1331 inscriptio
1071 1249 1134 1312 ista

100 1337 264 1403 vindicat?
306 1335 388 1400 Tum
411 1338 466 1400 ille
490 1338 600 1419 opicus
623 1337 728 1401 verbis
752 1337 831 1401 meis
854 1336 1012 1400 inchoatis
1037 1341 1068 1400 et
1086 1338 1133 1400 in-

125 1427 261 1490 conditis
289 1424 444 1490 adductus
471 1426 686 1509 virtutemque
714 1448 781 1489 esse
808 1426 1134 1510 πολυπραγμοσύνην

124 1519 225 1579 ratus:
254 1513 423 1577 ‘hortatur'
452 1515 558 1598 inquit
585 1514 656 1578 ‘nos
683 1515 828 1598 profecto
853 1516 960 1579 nescio
985 1515 1056 1597 quis
1079 1515 1134 1579 hic

125 1601 354 1667 Plutarchus
391 1603 431 1666 ad
466 1604 596 1688 nogotia
633 1604 825 1686 capessenda
860 1608 893 1667 et
925 1604 965 1668 ad
995 1626 1045 1668 res
1078 1605 1175 1672 Ob-15

126 1692 244 1757 eundas
267 1692 422 1775 plurimas
445 1713 518 1756 cum
541 1693 697 1756 industria
720 1697 752 1756 ct
772 1694 933 1757 celeritate
952 1715 1133 1777 nomenque

125 1782 226 1865 ipsius
244 1781 383 1864 virtutis,
406 1782 444 1844 de
463 1802 527 1864 qua
543 1781 708 1846 locuturus
728 1786 819 1865 esset,
841 1782 925 1846 libro
944 1782 1015 1866 ipsi,
1039 1784 1134 1847 sicuti

100 1871 213 1953 adicis,
237 1890 303 1934 non
326 1870 528 1934 incommode
550 1871 775 1955 praescripsit?
823 1871 976 1935 ‘Minime’
1001 1872 1133 1954 inquam

127 1961 227 2042 ‘ver03
250 1981 353 2043 neque
372 1959 456 2022 enim
475 1960 538 2023 ista
556 1961 686 2024 omnino
705 1960 882 2055 virtuspst,
903 1961 992 2024 cuius
1012 1958 1132 2026 Graeco

125 2050 254 2113 nomine
291 2053 514 2133 argumentum
545 2049 608 2113 hoc
638 2047 714 2113 libri
746 2050 993 2131 demonstratur,
1029 2071 1175 2134 nequem

125 2138 171 2220 id,
204 2138 291 2222 quod
321 2141 357 2200 tu
389 2137 533 2221 opinare,
564 2143 620 2202 aut
647 2159 707 2223 ego
735 2161 786 2203 me
814 2138 918 2202 dicere
945 2138 1048 2203 sentio
1076 2144 1133 2203 aut

126 2225 355 2291 Plutarchus
378 2226 463 2290 facit.
503 2227 651 2292 Deterret
673 2228 759 2292 enim
781 2249 840 2292 nos
863 2227 925 2291 hoc
949 2227 1077 2310 quidem
1099 2231 1134 2292 in

125 2315 222 2396 libro,
255 2336 350 2397 quam
377 2319 484 2398 potest
511 2317 662 2398 maxime,
693 2339 712 2379 a
739 2317 826 2380 varia
853 2318 1072 2399 promiscaque
1101 2322 1133 2382 et

125 2424 191 2467 non
212 2404 389 2467 necessaria
408 2426 515 2469 rerum
534 2405 748 2469 cuiuscemodi
766 2407 977 2488 plurimarum
996 2408 1028 2469 et
1047 2408 1132 2492 cogi-

100 2493 247 2559 9tatione
274 2496 307 2556 et
333 2493 495 2575 petitione.
544 2492 606 2558 Sed
632 2493 739 2557 huius'
767 2495 900 2576 inquam
929 2495 988 2558 ‘tui
1015 2497 1132 2559 erroris
1147 2523 1173 2563 ss

126 2584 253 2664 culpam
281 2603 350 2645 csse
376 2581 529 2667 intellego
557 2583 591 2645 in
615 2605 686 2646 mea
709 2581 830 2646 scilicet
852 2583 1048 2664 infacundia,
1076 2587 1133 2667 qui

124 2693 165 2735 ne
190 2671 336 2754 pluribus
360 2671 487 2752 quidem
510 2672 614 2734 verbis
637 2671 797 2754 potuerim
819 2693 885 2735 non
909 2672 1132 2738 obscurissime

125 2760 238 2843 dicore,
261 2759 347 2843 quod
370 2781 389 2823 a
407 2757 534 2824 Graecis
557 2760 786 2842 perfectissime
808 2760 906 2824 verbo
929 2782 994 2824 uno
1015 2766 1047 2826 et
1064 2761 1132 2844 pla-

124 2850 254 2918 nissime
277 2849 413 2912 dicitur?
458 2907 462 2913 .

195 3049 211 3096 4
230 3042 315 3096 Macr.
329 3038 381 3093 VH
395 3044 436 3106 11,
451 3044 467 3092 3

124 3154 336 3162 ———--

194 3224 211 3271 4
234 3215 524 3272 nomenniomen
544 3222 587 3270 ΒΖ
609 3221 618 3287 ΙΙ
641 3223 657 3270 6
680 3220 709 3274 et
729 3236 779 3274 ora.
799 3223 820 3278 Q
840 3222 849 3288 l
871 3224 886 3271 7
908 3219 1045 3288 parabam
1063 3221 1108 3275 θλ.
1122 3221 1132 3293 ll

126 3295 159 3343 14
181 3292 258 3343 ratus
277 3289 334 3342 Btl.
359 3288 446 3341 iratus
466 3293 509 3347 QZ
533 3289 632 3343 Tratus
647 3294 667 3341 B
685 3307 735 3345 ora.
749 3308 769 3360 γ
785 3291 788 3361 l
805 3292 931 3344 oratorB
948 3292 951 3362 l
968 3293 1030 3362 nos]
1045 3309 1095 3346 om.
1113 3298 1131 3345 0

124 3377 174 3414 uos
193 3363 216 3415 δ
237 3363 246 3429 ll
271 3365 303 3413 15
327 3358 363 3413 ad
385 3360 564 3414 resoluendae
584 3366 605 3413 B
627 3364 636 3430 ll
659 3367 692 3415 20
716 3364 879 3430 argumento
898 3364 939 3432 (Q)
958 3367 1002 3414 ΒΖ
1024 3365 1033 3431 ll
1056 3369 1090 3417 νδ
1115 3381 1132 3419 a

124 3432 214 3502 uaria]
231 3448 247 3489 ς
266 3431 387 3485 auaritia
405 3433 435 3501 (s.
451 3432 517 3501 cia)
532 3453 552 3485 ω
567 3435 576 3501 ll
590 3438 624 3486 24
643 3431 797 3487 cuioemodi
809 3433 847 3485 1¹
866 3434 1035 3488 eiuscemodi
1050 3453 1066 3494 ς
