2438 3878
151 185 216 250 124
605 184 669 239 XIV
689 191 703 239 7

150 350 304 433 scriptum
329 350 460 433 reliquit
483 366 682 413 non·omnes
705 349 797 413 aedes
822 367 927 413 sacras
950 347 1082 431 templa
1105 368 1171 412 esse

151 461 187 503 ac
209 461 251 503 ne
273 438 384 503 aedem
408 438 536 522 quidem
560 436 679 502 Vestae
701 439 859 521 templum
883 459 960 501 esse.

123 543 139 592 8
216 527 295 592 Post
331 529 411 592 haec
447 527 596 611 deinceps
632 527 711 592 dicit
742 525 1064 592 senatusconsultum
1099 528 1171 590 ante

150 621 297 681 exortum
325 620 381 681 aut
408 621 483 700 post
511 637 658 681 occasum
687 617 788 680 solem
814 616 936 680 facturn
964 617 1079 678 ratum
1109 636 1171 678 non

150 706 262 791 fuisse3
291 727 371 790 opus
399 705 495 768 etiam
523 705 703 769 censorium
729 705 843 769 fecisse
866 704 1089 786 existimatos,
1117 726 1200 788 pers

151 816 232 878 qnos
256 816 293 859 eo
317 799 462 877 tempore
485 795 798 858 senatusconsultum
820 794 942 858 factum
966 796 1064 856 esset.

125 898 141 946 9
218 881 322 947 Docet
355 883 467 946 deinde
499 883 581 947 inibi
613 885 727 947 multa:
760 883 876 966 quibus
907 881 1023 945 diebus
1053 880 1172 947 habere

152 975 297 1037 senatum
326 972 375 1036 ius
403 993 470 1036 non
497 972 552 1055 sit,
578 973 810 1054 immolareque
836 970 976 1035 hostiam
1001 971 1098 1055 prius
1122 995 1172 1036 au-

40 1103 42 1107 ·
152 1061 331 1145 epicurique
364 1061 492 1143 debere,
516 1061 584 1147 ,qui
616 1064 763 1124 senatum
794 1061 963 1124 habiturus
997 1065 1103 1144 esset,
1137 1061 1173 1125 de

151 1150 310 1234 rebusque
346 1150 463 1214 divinis
497 1151 586 1234 prius
624 1163 734 1233 quam¹
756 1149 905 1214 humanis
942 1147 984 1212 ad
1023 1155 1172 1215 senatum
1183 1174 1201 1214 ιι

151 1239 352 1304 referendum
385 1261 466 1323 esse3
498 1242 568 1302 tum
598 1260 694 1323 porro
722 1239 833 1302 referri
862 1241 1012 1321 oportere
1040 1244 1103 1304 aut
1130 1240 1173 1303 in·

152 1329 242 1392 finite
261 1329 300 1393 de
317 1328 483 1411 republica
502 1331 558 1392 aut
576 1328 614 1391 de
634 1328 769 1413 singulis
788 1327 884 1391 rebus
902 1327 1009 1410 finite3
1030 1333 1173 1393 senatus-

153 1439 215 1500 que
234 1418 415 1482 consultum
435 1417 505 1481 fieri
520 1417 645 1481 duobus
660 1417 772 1500 modis,
791 1420 847 1480 aut
860 1437 918 1499 per
932 1416 1173 1501 discessionem,

46 1567 48 1571 ,
153 1507 181 1570 si
200 1506 442 1589 consentiretur
465 1509 530 1588 aut,
549 1506 576 1569 si
594 1527 644 1570 res
664 1506 761 1569 dubia
780 1509 863 1569 esset
862 1527 948 1588 ,per
967 1505 1173 1591 singulorum

153 1595 327 1659 sententias
359 1556 549 1677 erqriisitas3
582 1595 726 1680 singulos
759 1598 814 1658 aut
816 1616 866 1658 ern
899 1594 1016 1658 debere
1045 1596 1200 1660 consulis

154 1683 346 1768 gradatim
337 1684 499 1767 mcipique
522 1705 541 1746 a
565 1684 725 1748 consulari
748 1684 857 1786 gradu.
903 1681 954 1746 Ex
979 1705 1048 1766 quo
1062 1685 1173 1786 gradu

154 1793 280 1856 semper
298 1772 427 1855 quidem
446 1776 540 1836 antea
559 1773 699 1855 primum
717 1773 825 1858 rogari
844 1772 920 1836 solit
906 1776 986 1853 tum,
1011 1773 1072 1854 qui
1092 1775 1173 1859 prin-

154 1882 228 1945 ceps
256 1861 290 1924 in
319 1866 408 1926 senat
409 1884 464 1925 um
490 1862 556 1925 leet
542 1865 594 1924 tus
622 1865 718 1945 esset3
746 1864 816 1925 tum
845 1864 965 1943 autem,
995 1882 1074 1925 cum
1100 1863 1174 1927 haee

154 1950 320 2033 scriberet,
350 1972 469 2015 norum
497 1971 620 2014 morem
647 1912 832 2014 institutum
859 1949 957 2013 refert
984 1972 1046 2033 per
1077 1952 1174 2016 ambi·

153 2039 275 2104 tionem
312 2040 525 2126 gratiamque,
561 2043 599 2102 nt
635 2038 662 2102 is
699 2039 822 2122 primns
854 2042 1039 2123 rogaretur,
1081 2062 1202 2124 quens

152 2150 266 2214 rogare
290 2129 401 2211 vellet,
428 2129 484 2212 qui
507 2128 640 2192 haberet
662 2131 822 2211 senatum,
848 2127 923 2190 dum
947 2127 975 2190 is
1000 2132 1118 2194 tamen
1140 2151 1174 2194 er

110 2216 255 2303 logradu
284 2217 444 2282 consulari
471 2221 563 2282 esset.
608 2215 739 2280 Praeter
765 2216 845 2280 haec
870 2216 909 2280 de
932 2215 1076 2301 pignore
1102 2240 1174 2302 quo

154 2327 216 2387 que
249 2308 403 2390 capiendo
436 2307 563 2370 disserit
595 2305 696 2388 deque
728 2307 831 2369 multa
861 2305 995 2368 dicenda
1024 2307 1175 2389 senatori,

154 2395 223 2477 qui,
260 2414 333 2458 cum
369 2397 404 2459 in
440 2399 586 2459 senatum
620 2395 728 2458 venire
761 2394 903 2476 deberet,
939 2415 1008 2458 non
1042 2398 1174 2462 adesset.

111 2502 143 2551 11
154 2482 243 2547 Haec
271 2488 303 2547 et
330 2484 393 2547 alia
421 2483 577 2566 quaedam
604 2483 638 2547 id
666 2500 766 2568 genus
794 2483 829 2546 in
855 2483 953 2566 libre,
982 2506 1051 2567 quo
1080 2506 1203 2570 supras

155 2572 234 2655 dixi,
270 2571 312 2635 M.
340 2571 461 2637 Varro
499 2573 667 2655 epistula
699 2572 743 2636 ad
776 2570 992 2656 Oppianum
1028 2577 1175 2660 scripta

155 2665 307 2725 executus
331 2665 387 2725 est.

111 2769 144 2818 12
223 2747 285 2814 Sed
309 2750 395 2833 quod
418 2749 464 2813 ait
486 2751 744 2814 senatusconsult
730 2754 799 2813 tum
824 2749 949 2813 duobus
974 2753 1086 2817 modis
1111 2753 1176 2818 fieri

155 2839 257 2903 solere
285 2842 341 2902 aut
368 2838 557 2940 conquisitis
586 2839 752 2902 sententiis
776 2843 832 2903 aut
854 2860 912 2921 per
935 2837 1176 2924 discessionem,

154 2950 268 3030 parum
288 2928 457 2992 convenire
475 2928 601 2991 videtur
619 2949 692 2991 oum
712 2949 758 3010 eo,
779 2929 864 3011 quod
880 2924 1022 2993 Ateius
1039 2928 1155 3017 Cap't
1126 2937 1155 2996 ιι
1159 2952 1203 2994 oo

111 3017 190 3085 13111
204 3016 464 3081 coniectaneis
479 3016 635 3100 scriptum
644 3016 784 3100 reliqur
762 3015 915 3081 Nam
906 3038 941 3078 ιιι
955 3015 1062 3083 libro
1074 2956 1175 3085 VPHH

227 3235 242 3282 2
263 3228 336 3283 Serv.
352 3228 411 3299 (pl.)
426 3227 458 3280 A.
473 3226 525 3281 VH
540 3229 591 3280 153
610 3225 649 3278 IX
663 3231 679 3278 4
788 3231 822 3280 15
833 3242 891 3293 sqq.
911 3225 950 3278 IV
966 3231 1001 3279 10

226 3423 324 3478 4solis
335 3428 371 3479 H
381 3426 391 3494 11
405 3429 420 3477 7
434 3422 533 3477 haben
542 3427 613 3475 1102
627 3424 637 3491 11
653 3427 685 3475 15
701 3421 854 3491 singulasz
869 3424 878 3491 11
893 3426 926 3474 24
942 3439 1004 3478 ven
1035 3425 1174 3495 dicerez'

153 3511 219 3549 nam
240 3496 350 3550 deesset
369 3498 405 3549 H
414 3496 424 3558 11
438 3499 471 3547 31
491 3493 671 3548 collectaneis
685 3498 733 3545 ΤΥ
746 3495 755 3562 n
769 3498 801 3546 31
818 3500 843 3547 et
858 3497 917 3559 125,
934 3498 967 3546 17
1074 3482 1177 3554 Heni

65 3564 287 3652 -OOJVJHL
305 3571 326 3626 Q
348 3564 556 3627 colvnnzo¹
575 3563 816 3634 COLVfflltb-
826 3563 910 3632 mvl
