2438 3878
54 168 118 232 172
509 169 574 223 XVI
592 174 608 222 8

52 332 167 396 borum
191 333 363 415 sententia,
385 337 422 397 ut
445 332 478 397 id
500 353 628 397 necesse
652 332 694 396 ait
716 335 773 397 aut
795 355 907 397 verum
932 337 991 397 aut
1015 333 1074 398 fal-

52 443 124 485 aum
148 443 230 505 esse,
252 421 287 485 id
309 445 328 485 a
352 422 569 487 dialecticis
593 419 719 505 ἀξίωμα
741 422 940 505 appellatum
965 426 1033 505 est,
1055 446 1075 487 a

51 509 94 574 M.
118 508 304 594 Varrone,
331 512 426 575 sicuti
454 510 534 594 dixi,
562 511 821 595 proloquium,
849 534 868 575 a
892 510 935 575 M.
960 515 1074 576 antem

52 597 237 664 Cicerone
267 599 548 682 (Tosc.17,14)
575 600 883 683 pronuntiatum,
915 620 983 682 quo
1017 600 1074 666 ille

51 692 161 753 tamen
182 689 340 753 vocabulo
364 690 521 773 tantisper
543 689 592 754 uti
612 711 646 753 ae
665 688 841 753 adtestatus
861 693 919 772 est,
943 691 1074 772 quoad
1100 717 1111 757 ι

52 778 188 842 melius
211 778 318 860 inquit
340 779 531 842 invenero.

25 883 41 930 9
120 864 182 930 Sed
214 867 300 949 quod
333 865 446 931 Graeci
479 865 688 950 συνημμένον
720 865 846 952 ἀξίωμα
878 867 1007 951 dicunt,
1039 869 1074 932 id

52 955 108 1020 alii
130 959 314 1019 nostrorum
338 955 422 1038 (Stil.
440 957 481 1038 fr.
501 955 622 1020 11121
636 977 669 1037 p.
683 961 726 1019 34
741 955 821 1030 Me.)
847 956 1074 1040 ‘adiunctum',

51 1044 107 1109 adii
141 1045 321 1109 ‘conexum’
355 1045 512 1110 dixerunt.
562 1043 599 1108 ld
632 1044 813 1109 ‘conexum'
840 1045 906 1109 tale
933 1050 998 1111 eat:
1033 1046 1073 1110 ‘ai

51 1132 144 1198 Plato
168 1134 321 1217 ambulat,
345 1132 439 1199 Plato
463 1133 635 1217 movetur'3
664 1134 703 1197 ‘si
727 1133 793 1198 dies
817 1135 949 1216 estaol
973 1157 1074 1219 super
1088 1164 1110 1204 ro

8 1237 41 1285 10
52 1225 152 1286 terras
181 1223 249 1287 est’.
295 1221 377 1287 Item
406 1224 493 1306 quod
519 1223 569 1286 illi
596 1220 902 1308 συμπεπλεγμένον,
930 1245 994 1288 nos
1020 1226 1074 1289 vel

53 1312 282 1376 ‘coniunctum’
312 1313 364 1376 vel
393 1311 602 1396 ‘copulatum'
627 1311 776 1394 dicimus,
804 1312 891 1394 quod
914 1317 964 1377 eat
989 1313 1073 1378 eiua-

51 1400 224 1465 demmodi:
254 1400 299 1464 Ῥ.
327 1399 450 1485 Scipio,
477 1400 570 1465 Pauli
597 1401 697 1484 filius,
725 1405 758 1464 et
785 1401 835 1464 bis
863 1403 980 1466 consul
1008 1403 1073 1468 fuit

51 1492 83 1554 et
114 1489 327 1573 triumphavit
359 1495 391 1554 et
422 1511 556 1554 censura
585 1490 715 1554 functus
743 1494 791 1554 est
819 1493 851 1553 et
880 1491 1009 1576 collega
1038 1493 1073 1557 in

8 1593 184 1642 ncensura
211 1578 246 1642 L.
270 1577 419 1642 Mummii
446 1579 530 1643 fuit’.
575 1577 614 1642 In
641 1579 729 1643 omni
756 1582 863 1642 autem
893 1580 1072 1646 coniuncto
1087 1610 1108 1650 ιι

51 1667 79 1731 ai
113 1689 215 1730 unum
247 1672 296 1731 eat
328 1668 543 1750 mendacium,
580 1668 705 1732 etiamsi
737 1671 842 1732 cetera
874 1690 951 1732 vera
985 1675 1073 1752 sunt,

50 1759 156 1820 totum
180 1777 247 1820 esse
270 1756 472 1821 mendacium
496 1757 619 1821 dicitur.
665 1755 750 1822 Nem
774 1756 801 1820 si
824 1757 865 1820 ad
888 1780 925 1821 ea
950 1761 1072 1843 omnia,

51 1866 132 1927 quae
160 1845 198 1909 de
228 1843 377 1929 Scipione
405 1846 461 1909 iflo
489 1869 564 1910 vera
592 1846 671 1928 dixi,
699 1846 848 1910 addidero
877 1845 923 1910 ‘et
944 1845 1073 1913 Hanni-

50 1933 156 1998 balem
179 1935 214 1998 in
236 1934 347 1999 Africa
370 1935 555 2019 superavit',
583 1936 669 2017 quod
693 1939 741 1999 eet
763 1935 894 2013 falsum,
918 1937 1072 2002 universa

51 2044 178 2107 quoque
205 2025 276 2107 illa,
308 2047 390 2107 quae
418 2025 587 2088 coniuncte
615 2024 700 2087 dicta
727 2028 815 2106 sunt,
843 2028 981 2108 propter
1007 2027 1071 2092 hoc
1085 2055 1108 2094 ιι

49 2134 163 2196 unum,
196 2114 283 2196 quod
315 2114 432 2178 falsum
464 2114 646 2193 accesserit,
678 2113 754 2195 quia
786 2113 883 2177 simul
911 2114 1071 2199 dicentur,

49 2223 124 2265 vera
146 2224 213 2266 non
235 2207 338 2267 erunt.
681 2248 683 2252 =

7 2304 39 2352 12
115 2289 176 2354 Est
201 2292 279 2355 item
303 2292 404 2374 aliud,
432 2291 518 2374 quod
542 2288 654 2354 Graeci
678 2289 908 2374 διεζευγμένον
931 2290 1070 2378 ἀξίωμα,

48 2400 108 2443 nos
141 2379 360 2444 ‘disiunctum'
395 2380 537 2444 dicimus.
588 2377 625 2442 Id
652 2379 875 2444 huiuscemodi
903 2385 966 2445 est:
1002 2383 1070 2448 ‘aut

48 2468 169 2531 malum
193 2472 241 2533 est
264 2471 413 2552 voluptas
437 2473 492 2532 aut
515 2469 637 2532 bonum
660 2473 716 2533 aut
738 2490 842 2551 neque
866 2469 992 2534 bonum
1014 2495 1069 2537 ne·
1082 2499 1105 2539 ιι

5 2573 37 2620 13
48 2562 127 2639 que'
142 2558 264 2621 malum
296 2559 366 2621 est’.
417 2556 532 2622 Omnia
564 2561 686 2640 autem,
718 2579 798 2640 quae
827 2557 1070 2645 disiunguntur,

48 2646 227 2731 pugnantia
249 2668 318 2710 esse
341 2646 425 2711 inter
448 2669 516 2711 sese
540 2650 680 2730 oportet,
708 2668 882 2729 corumque
906 2651 1070 2734 opposita,

49 2755 129 2816 quae
157 2734 366 2820 ἀντικείμενοι
390 2733 501 2799 Graeci
525 2736 649 2818 dicunt,
676 2758 713 2799 ea
736 2757 865 2818 quoque
888 2737 960 2820 ipsa
984 2739 1071 2804 inter

48 2844 82 2886 ae
118 2824 250 2888 adversa
287 2847 363 2888 esee.
419 2823 471 2887 Ex
508 2824 670 2907 omnibus,
708 2846 789 2907 quae
826 2824 1069 2912 disiungumtus,

4 2928 37 2976 14
47 2934 148 2976 unum
181 2935 249 2977 esse
278 2936 389 2978 verum
419 2913 527 2996 debet,
557 2912 639 2978 falsa
667 2916 779 2978 cetera.
831 2912 925 2989 Quod
954 2917 984 2981 ai
1012 2922 1106 2984 autre

118 3111 184 3173 3sq.
205 3106 248 3160 Pe.
264 3106 347 3232 Apul.
363 3106 455 3176 dogm.
469 3105 542 3159 Plat.
557 3105 596 3159 111
609 3124 636 3174 p.
652 3111 704 3160 265
720 3104 789 3159 Oud.
880 3112 894 3159 7
914 3107 1002 3164 Rhet.
1018 3110 1069 3166 lat.

46 3179 281 3317 idmddissidrd'a,
299 3255 332 3303 ει
441 3254 474 3301 aa
486 3265 525 3315 sq.
545 3247 627 3302 Mart.
644 3248 709 3316 cap.
726 3248 774 3317 (fv
788 3250 850 3317 ιιι)
869 3248 964 3304 veae
984 3253 1070 3310 Rhet.

46 3318 95 3374 lat.
109 3321 176 3373 min.
192 3323 244 3390 (ac,
261 3324 300 3391 3;)
320 3326 380 3388 are,
395 3326 425 3388 23
445 3323 515 3389 (rea,
531 3322 575 3389 aa)
684 3325 717 3372 au
729 3338 768 3387 sq.
789 3319 854 3374 Isiu.
869 3319 896 3372 11
911 3326 956 3389 31,
974 3330 988 3377 1

307 3177 353 3231 GL
366 3177 393 3231 Π
407 3182 467 3244 446,
483 3182 516 3229 20
625 3182 640 3230 9
659 3177 808 3247 Augustin.
823 3177 912 3245 princ.
929 3178 1000 3237 dial.
1017 3189 1033 3235 3

110 3485 129 3531 8
144 3480 179 3532 id
196 3498 247 3535 om.
269 3483 314 3552 dl}
328 3487 362 3536 12
381 3479 554 3536 eiuscemodi
574 3480 624 3536 Gr.
637 3483 649 3549 tt
662 3485 694 3533 19
713 3479 897 3534 falsissimum
917 3484 954 3536 Π
966 3485 977 3555 ΙΙ
993 3491 1029 3541 24
1049 3494 1074 3544 et

21 3549 61 3597 26
78 3552 125 3602 eet
138 3567 190 3606 em,
209 3557 258 3626 Qd
269 3560 307 3610 28
328 3572 405 3626 quae
420 3572 472 3611 οιιι.
488 3555 532 3626 pit
545 3557 580 3607 29
600 3552 828 3622 adiungunturu
