2460 3878
514 186 579 242 XIV
598 195 612 242 1
1005 188 1067 254 107

56 352 226 416 hominum
248 355 281 416 et
303 352 435 415 arbitria
458 355 490 416 et
512 352 615 416 varias
639 354 820 416 voluntates
844 353 1068 436 adpetitiones-

57 462 119 523 que
148 445 181 505 et
208 440 434 504 declinationes
463 445 495 505 et
521 441 673 506 fortuitos
700 442 947 525 repentinosque
969 443 1004 505 in
1025 444 1069 506 le-

57 530 198 594 vissimis
224 529 319 593 rebus
346 529 524 593 animorum
553 531 692 613 impetus
720 552 925 613 recessusque
948 532 1069 594 moveri

57 619 238 704 agitarique
269 619 405 702 desuper
435 641 452 682 e
480 620 568 684 caelo
596 623 759 703 putarent:
790 624 955 702 tamquam
983 620 1070 702 quod

30 707 142 773 sforte
170 708 217 772 ire
241 708 276 771 in
298 708 428 772 balneas
451 709 591 772 volueris
614 729 651 772 11
674 708 786 772 deinde
809 707 950 772 nolueris
973 712 1069 791 atque

58 796 92 860 id
126 818 237 860 rursus
272 797 425 879 volueris,
460 817 527 860 non
559 819 598 861 ex
629 797 737 879 aliqua
769 798 887 881 dispari
919 798 1069 880 variaque

58 886 159 950 animi
181 886 369 971 agitatione,
394 885 450 949 sed
473 908 512 949 ex
534 887 711 950 necessaria
735 886 871 968 quadam
895 887 1069 950 errantium

59 974 200 1038 siderum
231 975 480 1058 reciprocatione
512 975 698 1060 contigerit,
729 979 766 1038 ut
797 976 892 1057 plane
923 974 1069 1039 homines

59 1084 139 1146 non,
163 1063 249 1145 quod
272 1064 401 1146 dicitur,
423 1064 540 1145 λογικὰ
563 1067 638 1144 ζῶα,
664 1064 718 1127 sed
740 1064 862 1128 ludicra
885 1068 917 1127 et
939 1063 1070 1128 ridenda

19 1177 46 1218 ro
60 1153 217 1236 quaedam
234 1155 442 1236 neurospasta
461 1174 529 1216 esse
545 1152 722 1235 videantur,
740 1153 767 1216 11
781 1152 863 1216 nihil
877 1174 933 1216 sua
948 1157 1071 1236 sponte,

59 1242 143 1306 nihil
174 1240 331 1306 arbitratu
358 1262 416 1305 suo
443 1241 579 1325 faciunt,
612 1242 667 1306 sed
694 1242 883 1306 ducentibus
911 1241 1012 1305 stellis
1039 1245 1071 1304 et

59 1330 290 1416 aurigantibus.
341 1328 400 1395 ‘Ao
430 1330 468 1393 si'
496 1331 603 1413 inquit
632 1331 785 1414 ‘potuisse
812 1330 952 1414 praedici
979 1330 1115 1394 adfir-24

60 1423 160 1502 mant,
182 1417 342 1503 Pyrrusne
364 1441 421 1483 rex
443 1441 485 1483 an
503 1418 629 1484 Manius
649 1417 763 1484 Curius
786 1419 909 1503 proelio
928 1420 1071 1483 victurus

60 1512 158 1591 esset,
186 1529 243 1572 cur
268 1508 398 1572 tandem
424 1529 491 1572 non
516 1509 554 1572 de
577 1511 646 1573 alea
669 1530 797 1591 quoque
820 1531 857 1573 ac
880 1509 918 1573 de
942 1508 1072 1573 calculis

22 1623 47 1664 a
61 1601 94 1662 et
112 1598 238 1662 alveolo
257 1597 375 1662 audent
393 1598 506 1680 dicere,
525 1599 671 1681 quisnam
690 1598 736 1662 ibi
749 1598 929 1663 ludentium
943 1597 1072 1662 vincat?

60 1708 103 1750 111
129 1686 278 1751 videlicet
300 1707 417 1772 magna
441 1687 559 1769 sciunt,
586 1708 684 1771 parva
707 1688 865 1771 nesciunt,
894 1691 926 1751 et
949 1686 1073 1750 minora

61 1775 238 1839 maioribus
268 1774 503 1859 inperceptiora
535 1775 631 1840 sunt?
682 1773 744 1840 Sed
776 1778 804 1840 si
836 1775 1072 1861 magnitudines
1083 1791 1116 1839 ae

60 1887 169 1928 rerum
192 1864 254 1928 sibi
276 1864 438 1929 vindicant
461 1864 626 1950 magisque
650 1885 718 1929 1111
740 1865 924 1948 1111111111
948 1869 980 1928 11
998 1864 1073 1927 faci-

61 1953 125 2017 lius
162 1953 388 2037 comprehendi
424 1974 517 2036 posse
554 1954 678 2036 dicunt,
716 1955 802 2018 volo'
839 1954 945 2036 inquit
983 1951 1074 2015 ‘mihi

21 2069 49 2108 ao
62 2041 284 2126 respondeant,
308 2043 385 2125 quid
406 2041 441 2105 in
463 2041 524 2107 hac
546 2043 646 2106 totius
670 2043 780 2106 mundi
804 2041 1074 2125 contemplatione

62 2152 140 2214 prae
157 2131 256 2195 tantis
273 2135 406 2196 naturae
426 2131 576 2215 operibus
594 2131 629 2194 in
646 2134 713 2194 tam
731 2130 838 2215 parvis
857 2135 954 2212 atque
973 2129 1074 2193 brevi-

61 2219 123 2284 bus
155 2220 293 2305 negotiis
325 2220 526 2302 fortunisque
558 2220 726 2283 hominum
758 2240 911 2305 magnum
939 2219 1075 2302 putent?

62 2312 161 2392 atque
183 2308 217 2372 id
239 2309 335 2373 velim
359 2309 479 2392 etiam,'
504 2309 610 2392 inquit
634 2310 682 2372 ‘ut
704 2309 929 2392 respondeant:
958 2307 985 2372 si
1008 2311 1075 2370 tam
1085 2323 1119 2370 11

63 2419 198 2482 parvum
230 2401 327 2481 atque
357 2397 506 2481 rapidum
538 2403 587 2463 est
616 2401 815 2463 momentum
842 2397 1010 2480 temporis,
1041 2396 1077 2459 in

22 2514 49 2554 ss
64 2507 129 2571 quo
162 2487 259 2550 homo
291 2508 423 2551 nascens
455 2487 558 2551 fatum
590 2488 720 2571 accipit,
752 2490 788 2549 ut
817 2487 852 2550 in
880 2487 990 2550 eodem
1018 2485 1075 2549 illo

64 2579 186 2659 puncto
205 2575 264 2639 sub
284 2577 395 2640 eodem
414 2576 533 2641 1111111
553 2575 632 2641 caeli
651 2577 758 2659 plures
778 2576 874 2639 simul
889 2575 930 2639 ad
944 2574 1076 2639 eandem

63 2664 314 2748 competentiam
340 2666 429 2730 nasei
456 2686 522 2729 non
549 2669 681 2747 queant,
709 2669 741 2729 et
764 2664 791 2728 si
814 2664 933 2729 idcirco
957 2663 1076 2749 gemini

63 2774 194 2836 quoque
211 2773 275 2817 non
295 2754 405 2818 eadem
418 2755 504 2819 vitae
519 2758 604 2818 sorte
618 2757 701 2836 sunt,
720 2755 871 2836 quoniam
885 2775 952 2817 non
966 2752 1076 2817 eodem

63 2842 219 2926 temporis
243 2847 362 2926 puncto
386 2843 464 2908 editi
487 2847 574 2925 sunt,
602 2842 689 2926 peto'
715 2843 821 2925 inquit
844 2842 1078 2926 ‘respondeant

23 2958 51 2999 eo
64 2951 195 2996 cursum
222 2931 314 2995 illum
341 2932 496 3016 temporis
523 2932 764 3014 transvolantis,
793 2932 849 3014 qui
876 2932 930 2996 vix
959 2930 1077 3014 cogita-

137 3129 171 3178 13
189 3123 261 3178 Non.
276 3123 302 3176 Π
317 3141 344 3194 p.
361 3128 420 3191 188,
436 3129 452 3178 3
473 3123 615 3178 ‘Victurus
633 3123 780 3177 victoriam
799 3123 939 3193 potiturus
958 3120 1079 3175 auetori-

65 3197 110 3249 tas
128 3193 312 3265 prudentium
329 3195 413 3266 putat
431 3211 503 3249 esse:
522 3194 681 3263 Pyrrhusne
696 3227 729 3234 -
743 3195 867 3248 victurus
886 3194 970 3248 esset’

139 3362 154 3410 1
179 3354 329 3409 arbitraria
352 3355 417 3424 (aas
437 3358 467 3424 e)
487 3357 534 3409 ‹50
558 3371 610 3424 quo
633 3360 737 3409 1111111
759 3353 952 3422 1111111111.
972 3353 1058 3407 Hertz
1071 3351 1081 3423 ll

64 3434 83 3481 1
101 3429 133 3483 11
150 3425 410 3494 declinationesque
429 3428 504 3496 <5116
523 3425 615 3480 forez
633 3425 692 3480 fere
707 3427 780 3495 1116
798 3426 964 3493 1111111111
980 3429 1012 3477 12
1031 3441 1080 3492 po·

37 3550 40 3555 .
66 3498 171 3553 11111111
188 3517 211 3551 ω
228 3513 296 3552 corr.
312 3497 468 3552 Beroaldus
490 3500 499 3567 1
524 3503 556 3550 13
575 3497 668 3550 uictus
687 3500 749 3556 QH
767 3499 777 3567 ΙΙ
800 3501 833 3549 16
853 3512 889 3549 11
907 3496 957 3550 del.
978 3494 1078 3566 Vopell

65 3569 158 3625 111111
176 3569 267 3638 ml
286 3568 457 3638 praestantis
477 3588 498 3621 ω
516 3585 584 3624 corr.
606 3568 687 3642 Vopel
