2438 3878
516 193 581 248 xm
598 200 632 248 aa
652 197 706 265 (aa)

338 486 340 490 μ
461 408 569 473 xxm
593 408 760 497 (xnvm)

98 531 186 597 Quod
205 530 406 613 Quadrigarius
429 531 504 584 ‘cum
521 531 619 586 multis
637 531 814 586 mortalibus'
836 532 920 598 dixit3
945 549 981 586 an
999 534 1069 601 quid
1087 537 1117 588 et

99 650 101 653 .
140 605 278 673 quantum
297 601 433 670 drfferret,
453 602 478 656 si
497 603 614 658 dixisset
633 603 709 657 ‘cum
725 603 823 658 multis
842 603 1023 658 hominibua'.

172 727 280 795 Verba
308 734 383 795 sunt
407 729 558 794 Clau'dii
581 729 828 817 Quadrigarii
855 753 894 795 ex
920 733 1140 799 annaliuml

75 820 173 884 seius
197 816 290 883 XIII
314 820 368 901 (fr.
388 824 431 884 76
449 818 517 902 P.):
545 817 733 884 Contione
757 820 913 884 dimissa
935 821 1115 886 Metellus

103 909 144 972 in
176 905 410 992 Capitolium
446 909 552 973 venit
588 928 669 973 cum
706 909 934 974 mortalibus
969 911 1115 994 multis3

104 997 192 1061 inde
216 997 363 1060 domum
387 998 668 1081 proficiscitur,
691 1001 774 1062 tota
796 998 934 1063 civitas
958 1022 1039 1063 eum
1060 1022 1116 1064 re-

104 1087 222 1150 duxit.
265 1084 345 1149 Cum
367 1087 396 1150 is
418 1085 501 1151 liber
523 1107 622 1168 eaque
641 1087 738 1150 verba
755 1087 798 1150 M.
816 1085 1003 1151 Frontoni
1021 1088 1141 1154 nobisr

104 1176 135 1238 ei
158 1195 195 1239 ac
218 1175 378 1259 plerisque
402 1175 474 1240 aliis
496 1175 714 1240 adsidentibus
737 1177 920 1260 legerentur
939 1180 972 1240 et
990 1177 1115 1241 cuidam

59 1265 185 1332 rohaut
208 1286 282 1328 sane
305 1265 374 1328 viro
397 1265 533 1329 indocto
550 1264 712 1329 videretur
733 1264 961 1329 mortalibus
982 1267 1114 1330 multis

103 1375 164 1437 pro
198 1353 393 1417 ‘hominibus
425 1353 547 1418 multis'
579 1354 687 1437 inepte
715 1353 894 1439 frigideque
921 1355 956 1418 in
981 1354 1116 1419 historia

103 1442 264 1524 nimisque
287 1443 320 1506 id
343 1443 467 1526 poetice
491 1443 616 1525 dixisse,
639 1447 708 1506 tum
732 1442 875 1507 Fronto
900 1443 956 1526 illi,
980 1445 1031 1508 cui
1053 1443 1116 1507 hoc

102 1530 284 1595 videbatur:
309 1531 374 1595 ‘ain
396 1533 450 1615 tu,'
475 1532 581 1614 inquit
601 1532 746 1596 ‘aliarum
764 1532 861 1596 homo
881 1555 987 1596 rerum
1005 1533 1116 1598 iudicii

102 1620 345 1705 elegantissimi,
367 1621 596 1685 mortalibus
618 1621 751 1685 multis
772 1621 918 1705 ineptum
936 1621 997 1686 tibi
1014 1621 1115 1687 videri

57 1735 87 1778 rs
103 1713 138 1774 et
155 1709 318 1794 frigidum,
340 1710 388 1773 nil
405 1714 513 1774 autem
532 1710 686 1775 arbitrare
705 1729 817 1774 causae
835 1710 943 1794 fuisse,
962 1712 1048 1793 quod
1066 1711 1116 1775 vir

101 1798 239 1863 modesti
267 1802 363 1880 atque
386 1799 460 1882 puri
482 1819 519 1863 ac
542 1819 643 1882 prope
666 1799 818 1863 cotidiani
842 1800 996 1863 sermonis
1019 1821 1115 1864 mor·

100 1886 247 1952 talibus
274 1887 390 1952 maluit
417 1908 513 1970 quam
543 1887 749 1952 ‘hominibus’
774 1889 891 1971 dicere,
919 1888 1115 1970 eandemque

101 1976 205 2041 credis
240 1977 382 2041 futuram
419 1976 518 2041 finisse
553 1976 769 2051 multitudinis
802 1976 1115 2060 demonstrationem,

101 2066 129 2129 si
154 2066 239 2130 ‘cum
262 2066 373 2129 multis
395 2065 591 2130 hominibus'
614 2085 652 2129 ac
670 2084 736 2128 non
758 2086 840 2129 cum
864 2066 995 2129 multis
1019 2087 1115 2129 mor-

57 2183 86 2222 ao
100 2154 249 2219 talibus
282 2155 422 2218 diceret?
470 2154 542 2240 Ego
571 2153 711 2237 quidem’
738 2153 845 2236 inquit
872 2154 930 2218 ‘sic
957 2154 1141 2237 existimas

100 2244 165 2308 nisi
189 2244 216 2307 si
238 2265 290 2307 me
312 2243 476 2327 scriptoris
494 2244 587 2307 iatius
606 2243 773 2325 omnisque
792 2244 942 2325 antiquae
962 2243 1114 2307 orationis

101 2354 193 2397 amor
220 2336 317 2415 atque
344 2333 507 2396 veneratio
535 2352 629 2396 caeco
658 2353 725 2395 esse
752 2331 871 2396 iudicio
898 2331 989 2414 facit,
1018 2334 1114 2416 longe

99 2421 263 2507 longeque
287 2443 354 2486 esse
375 2422 523 2504 amplius,
546 2420 711 2504 prolixius,
732 2420 835 2484 fusius
853 2420 888 2484 in
907 2421 1115 2506 significanda

100 2512 203 2576 totius
245 2531 345 2593 prope
382 2511 521 2574 civitatis
557 2510 764 2574 multitudine
799 2511 980 2574 mortales
1018 2531 1114 2592 quam

59 2625 86 2666 aa
103 2600 274 2664 ‘homines'
303 2600 428 2663 dixisse.
473 2597 621 2681 Namque
647 2598 835 2662 ‘multorum
857 2599 1035 2663 hominum'
1061 2616 1140 2683 apr

101 2688 235 2772 pellatio
276 2688 361 2752 intra
400 2688 562 2752 modicum
604 2708 731 2770 quoque
766 2707 935 2752 numerum
972 2688 1114 2753 cohiberi

101 2782 199 2860 atque
226 2777 347 2842 includi
374 2781 494 2861 potest,
523 2777 639 2841 ‘multi’
668 2780 776 2840 autem
806 2777 978 2840 ‘mortales'
1005 2777 1112 2840 nescio

101 2888 166 2950 quo
200 2870 294 2949 pacto
327 2871 359 2930 et
391 2865 530 2948 quodam
562 2888 657 2929 sensu
688 2866 893 2929 inenarrabili
927 2887 1020 2930 omne
1047 2865 1113 2929 fere

102 2977 218 3041 genus,
246 2955 332 3037 quod
355 2955 390 3018 in
413 2955 541 3019 civitate
564 2958 613 3018 est
636 2959 668 3018 et
691 2955 838 3019 ordinum
862 2958 894 3017 et
916 2958 1057 3018 aetatum
1081 2958 1113 3017 et

60 3071 87 3111 ao
101 3059 202 3109 sexus
233 3042 510 3127 conprehendunt3
546 3043 632 3126 quod
668 3044 790 3108 scilicet
824 3041 1112 3127 Quadrigarius,

100 3134 147 3197 ita
173 3136 210 3196 ut
233 3154 283 3196 res
307 3136 387 3214 erat,
415 3133 578 3217 ingentem
601 3135 697 3215 atque
720 3131 912 3215 promiscam
935 3130 1112 3195 multitudi-

100 3244 176 3287 nem
203 3222 314 3285 volens
343 3222 507 3286 ostendere
536 3241 617 3284 cum
640 3221 772 3284 multis
795 3220 1024 3284 mortalibus
1047 3219 1112 3283 Me-

167 3391 190 3484 Ι8
209 3431 259 3513 Μ]
280 3447 316 3484 an
330 3435 352 3490 Q
368 3435 451 3485 om.z
470 3447 488 3485 a
505 3430 633 3484 frontone
648 3429 683 3489 α’
696 3432 735 3499 lla
754 3433 783 3484 et
802 3446 819 3482 a
837 3447 871 3484 aa
889 3430 954 3484 etao
966 3431 1065 3529 abab
1082 3443 1127 3477 au

100 3501 191 3562 100¹
214 3505 256 3557 art
273 3508 298 3554 x
320 3503 330 3571 ΙΙ
353 3507 386 3555 16
409 3502 551 3556 modestus
568 3519 588 3573 y
608 3503 622 3573 ll
642 3507 677 3556 22
699 3501 788 3574 longe
802 3502 929 3571 lateque
941 3498 1013 3552 m
1045 3496 1147 3556 leuas

102 3576 189 3642 atque
204 3575 289 3626 0111
305 3572 323 3626 l.
343 3575 428 3643 alque
445 3573 562 3646 lateque
575 3580 602 3630 1
615 3577 676 3648 {128
692 3575 808 3632 iustius
823 3577 924 3631 ona
1085 3598 1087 3600 v

146 3669 251 3710 dmm
264 3670 298 3710 ert
312 3671 423 3713 Hostus
437 3674 466 3715 11
980 3663 1002 3710 ‘l
