2438 3878
476 876 517 952 Α.
546 875 706 948 GELLH

48 1020 55 1061 ²
85 1042 316 1129 roccam
347 1040 647 1128 heraclam
674 1042 836 1126 crena
864 1039 1108 1143 orlarvs

479 1217 706 1304 nacmvs

584 1529 600 1594 l

86 1651 252 1706 Dissertatio
271 1652 401 1706 Favorini
419 1651 580 1720 philosophi
599 1652 730 1706 adversus
750 1669 805 1719 eos,
825 1653 874 1720 qui
892 1650 1034 1708 Chaldaei
1056 1672 1107 1724 ap

121 1723 264 1794 pellantur
286 1726 316 1778 et
336 1725 470 1776 excoctu
488 1723 665 1791 motibusque
685 1723 806 1777 siderum
825 1727 853 1777 et
872 1723 1023 1778 stellarum
1043 1725 1106 1780 fata

121 1796 266 1849 hominum
284 1795 408 1849 dicturos
426 1793 601 1863 pollicentur.

61 1939 90 1997 1Ι
153 1921 333 1987 Adversum
355 1923 448 2005 istos,
473 1923 529 2005 qui
552 1944 620 1986 sese
644 1919 819 1986 Chaldaeos
843 1944 898 1986 seu
923 1925 1137 2008 genethlio-s

87 2033 141 2076 cos
159 2013 323 2096 appellant
341 2033 379 2075 ae
397 2011 435 2075 de
454 2015 545 2075 motu
564 2012 665 2094 deque
683 2012 792 2095 positu
811 2013 977 2076 stellarum
997 2014 1106 2079 'dicere

87 2122 194 2185 posse,
222 2122 303 2183 quae
325 2101 433 2165 futura
457 2105 545 2183 sunt,
567 2100 771 2184 profitentur,
794 2101 975 2165 audivimus
1001 2124 1105 2185 quon-

88 2190 160 2255 dam
187 2189 418 2254 Favorinum
447 2188 676 2272 philosophum
704 2187 826 2253 Romae
855 2187 975 2254 Graece
1005 2192 1104 2256 disse

59 2283 210 2343 arentem
253 2279 381 2364 egregia
422 2282 518 2361 atque
558 2278 686 2342 inlustri
728 2279 884 2361 oratione3
930 2282 1104 2345 exercendi

86 2372 208 2450 autem,
243 2389 309 2431 non
343 2368 524 2432 ostentandi
556 2368 658 2452 gratia
690 2367 825 2451 ingenii,
861 2389 902 2430 an
934 2370 1025 2450 quod
1059 2372 1136 2434 itan

87 2457 169 2520 serio
197 2455 401 2538 iudicatoque
429 2457 638 2538 existimaret,
664 2477 731 2519 non
755 2455 858 2519 habeo
882 2456 997 2521 dicere.
1048 2457 1103 2523 Ca·

86 2546 155 2628 pita
186 2548 294 2608 autem
324 2545 469 2608 locorum
501 2549 841 2630 argumentorumque,
872 2545 992 2627 quibus
1026 2570 1103 2612 usus

87 2637 149 2716 est,
177 2633 263 2715 quod
287 2633 354 2696 eius
378 2634 559 2697 meminisse
582 2635 688 2717 potui,
711 2655 855 2719 egressus
879 2634 925 2697 ibi
949 2656 991 2698 ex
1014 2637 1104 2700 audi-

86 2722 175 2786 tione
202 2742 337 2805 propere
365 2721 528 2805 adnotavi,
557 2744 656 2805 eaque
678 2723 808 2786 fuerunt
831 2722 871 2785 ad
893 2721 979 2787 hanc
1002 2724 1103 2790 ferme

87 2811 277 2874 sententiam
297 2810 340 2893 (p.
356 2815 399 2874 44
412 2810 511 2895 Ma.):
530 2811 731 2895 disciplinam
751 2813 844 2876 istam
865 2810 1103 2879 Chaldaeorum
1115 2837 1133 2878 a

86 2903 194 2963 tantae
213 2900 381 2989 vetustatis
399 2922 466 2964 non
484 2922 561 2982 esse,
580 2905 717 2982 quantae
735 2901 835 2964 videri
853 2899 978 2984 volunt,
997 2925 1103 2986 neque

87 3009 142 3052 eos
169 2988 329 3072 principes
357 2990 425 3053 eius
453 2993 661 3071 auctoresque
687 3011 767 3072 esse,
796 3009 876 3071 quos
899 2991 963 3073 ipsi
988 2992 1103 3075 ferant,

88 3077 143 3141 sed
164 3076 199 3141 id
221 3079 466 3164 praestigiarum
488 3082 584 3161 atque
608 3078 795 3142 offuciarum
819 3099 920 3163 genus
940 3100 1103 3147 commen-

86 3170 138 3230 tos
166 3189 234 3231 esse
261 3166 407 3232 homines
435 3171 650 3232 aeruscatores
678 3171 710 3231 ot
735 3167 842 3231 cibum
866 3174 1103 3255 quaestumque

158 3367 173 3414 3
193 3358 914 3429 cotuoooitu(saepius)C'flfaotay1110autem
928 3365 999 3436 non]
1015 3369 1038 3425 Q
1057 3366 1104 3420 aut

75 3447 116 3482 ne
134 3435 184 3496 (116
197 3435 230 3500 Z)
250 3434 333 3485 0112
355 3447 392 3485 ne
415 3432 466 3485 ant
483 3435 507 3482 Π
530 3431 652 3484 autanne
670 3436 695 3483 x
718 3447 754 3484 an
777 3447 812 3484 ne
831 3428 863 3482 0¹
882 3432 891 3500 ΙΙ
911 3437 943 3485 11
970 3438 1050 3491 secto
1074 3453 1104 3491 cx

59 3500 142 3550 serto
157 3503 256 3567 01113
274 3504 349 3570 qnot
367 3509 395 3558 et
411 3501 510 3575 quoad
525 3520 542 3564 ς
558 3506 563 3572 1
579 3502 637 3557 sibi
650 3503 671 3558 d
684 3504 744 3573 llio
760 3502 953 3556 uenustatiso
