2438 3878
545 200 629 254 XII1
1048 201 1090 264 27

78 362 252 444 accederet,
275 361 343 427 ‘oro
362 364 415 448 te,’
437 364 543 447 inquit
562 365 697 448 mulier,
717 365 786 428 sine
804 387 875 428 eam
893 368 995 428 totam
1013 364 1093 429 inte

78 473 169 537 gram
193 456 327 517 matrem
351 474 420 518 esse
437 454 498 518 filii
517 455 575 518 sui.
617 453 711 530 Quod
729 458 777 518 est
796 453 882 517 eninr
899 453 962 517 hoo
981 458 1092 518 contra
1120 472 1136 520 6

76 544 225 604 naturam
257 542 469 625 inperfectum
497 547 594 625 atque
621 542 823 607 dimidiatum
851 543 962 607 matris
990 564 1091 628 genus

75 631 238 714 peperisse
265 651 303 695 ac
330 632 439 695 statim
462 655 482 696 a
505 653 574 696 sese
597 631 773 696 abiecisse?
801 631 919 696 aluisse
941 632 976 696 in
998 635 1090 697 utero

48 720 233 805 ssanguine
256 740 314 783 sno
337 721 443 784 nescio
467 721 554 804 quid,
577 721 663 804 quod
684 742 750 785 non
767 721 899 804 videret,
921 741 988 785 non
1006 722 1091 785 alere

75 829 162 872 nunc
176 830 235 872 suo
249 809 341 891 lacte,
355 810 441 892 quod
455 810 570 892 rideat,
584 811 649 873 iam
659 810 829 893 viventem,
842 811 907 873 iam
916 810 1091 892 hominem,

76 897 140 960 iam
164 898 275 961 matris
295 897 402 962 officia
420 899 658 982 inplorantem?
699 896 752 962 An
769 902 807 962 tu
825 899 964 983 quoque’
984 899 1091 982 inquit
1120 917 1134 965 7

76 986 182 1069 ‘putas
205 990 353 1050 naturam
375 987 503 1052 feminis
527 1010 740 1052 mammarum
762 987 862 1052 ubera
885 989 976 1072 quasi
996 1010 1090 1071 quos·

75 1075 148 1138 dam
171 1076 371 1140 venustiores
393 1075 546 1141 naevulos
570 1098 636 1141 non
658 1077 796 1141 liberum
815 1076 1011 1160 alendorum,
1035 1078 1090 1142 sed

33 1192 60 1233 ro
76 1164 211 1228 ornandi
242 1165 381 1248 pectoris
414 1186 510 1230 eausa
542 1166 688 1231 dedisse?
738 1163 792 1229 Sic
824 1167 922 1249 enim,
955 1166 1041 1248 quod
1071 1189 1089 1230 a
1118 1184 1133 1232 8

73 1252 166 1317 vobis
185 1252 307 1319 seilicet
325 1255 424 1337 abest,
442 1256 613 1338 pleraeque
629 1256 710 1319 istae
723 1252 926 1340 prodigiosae
940 1256 1089 1319 mulieres

72 1343 197 1407 fontem
225 1342 319 1407 illum
347 1344 583 1408 sanctissimum
613 1346 770 1428 eorporis,
801 1344 928 1429 generis
955 1343 1089 1407 humani

73 1432 286 1514 educatorem,
310 1432 467 1498 arefacere
490 1437 523 1498 et
545 1435 731 1518 extinguere
755 1454 828 1497 cum
848 1433 991 1516 p‘ericulo
1012 1454 1088 1516 quo-

73 1542 136 1604 que
154 1521 258 1585 aversi
277 1522 483 1606 corruptique
500 1523 594 1587 lactis
612 1522 769 1605 laborant,
788 1526 952 1605 tamquam
971 1522 1088 1605 pulcri-

30 1637 57 1678 ss
72 1610 194 1674 tudinis
223 1609 285 1674 sibi
312 1610 452 1696 insignia
475 1611 675 1694 devenustet,
704 1612 789 1696 quod
813 1611 942 1695 quidem
964 1611 1088 1676 faciunt

71 1699 182 1763 eadem
201 1700 358 1782 vecordia,
378 1721 441 1782 qua
460 1700 651 1784 quibusdam
670 1701 903 1765 commenticiis
921 1700 1087 1764 fraudibus

70 1788 228 1871 nitrmtur,
250 1793 288 1852 ut
310 1789 395 1853 fetus
419 1810 548 1873 quoque
571 1788 634 1873 ipsi
656 1790 842 1874 incorpore
862 1811 920 1854 suo
940 1789 1088 1873 concepti

71 1877 272 1961 oboriantur,
303 1900 344 1941 ne
376 1899 496 1960 aequor
527 1878 610 1942 illud
641 1880 761 1943 ventris
788 1880 956 1965 inrugetur
983 1901 1021 1943 ac
1048 1879 1087 1942 de

71 1965 229 2051 maritate
257 1967 362 2031 oneris
390 1970 423 2031 et
447 1967 557 2032 labore
580 1972 691 2052 partus
713 1969 850 2033 fatiscat.
897 1967 990 2044 Quod
1014 1988 1086 2030 cum
1115 1987 1131 2034 a

29 2081 56 2122 so
70 2055 114 2119 sit
140 2055 271 2138 publica
298 2056 509 2127 detestatione
537 2057 764 2139 communique
792 2056 866 2120 odio
894 2056 1029 2141 dignum
1052 2057 1087 2119 in

69 2144 150 2227 ipsis
177 2143 341 2209 hominem
366 2145 565 2228 primordiis,
593 2145 669 2209 dum
692 2145 839 2230 fingitur,
867 2144 943 2208 dum
967 2145 1086 2208 anima-

68 2237 132 2315 tur,
154 2233 239 2298 inter
261 2234 347 2318 ipsas
370 2234 503 2298 artificis
521 2238 653 2298 naturae
672 2255 787 2298 manus
807 2234 1012 2299 interfectum
1030 2234 1085 2317 ire,

69 2323 262 2404 quantulum
294 2321 370 2386 hinc
401 2322 493 2388 abest
524 2323 588 2387 iam
615 2324 807 2408 perfectum,
838 2323 903 2386 iam
931 2324 1085 2409 genitum,

68 2411 134 2475 iam
161 2411 265 2475 filium
293 2412 418 2496 proprii
445 2415 542 2495 atque
570 2413 716 2477 consueti
742 2417 839 2495 atque
868 2413 990 2498 cogniti
1015 2436 1085 2478 san·

27 2527 54 2568 ss
68 2500 177 2586 guinis
200 2500 353 2565 alimonia
375 2501 522 2585 privare?

137 2587 225 2653 “Sed
247 2590 331 2654 nihil
351 2591 517 2674 interest‚'’
538 2627 579 2636 —
599 2590 662 2654 hoc
680 2591 763 2654 enim
785 2590 902 2655 dicitur
920 2628 964 2637 -
983 2591 1084 2655 “dum
1095 2611 1129 2659 10

67 2678 174 2742 alatur
193 2682 225 2742 et
243 2679 339 2763 vivat,
359 2680 448 2744 cuius
467 2680 500 2743 id
518 2681 601 2744 lacte
618 2678 707 2743 fiat.''
746 2677 810 2743 Gur
825 2679 1009 2764 igituriste,
1028 2680 1084 2763 qui
1095 2701 1126 2748 11

66 2765 130 2831 hoc
150 2767 236 2851 dicit,
254 2768 283 2831 si
301 2768 336 2832 in
355 2768 556 2852 capessendis
575 2772 708 2832 naturae
727 2767 873 2832 sensibus
892 2772 959 2832 tam
974 2768 1083 2833 obsur-

67 2856 147 2939 duit,
169 2877 236 2920 non
258 2857 291 2920 id
311 2878 439 2940 quoqne
457 2857 540 2921 nihil
557 2858 712 2922 interesse
730 2861 831 2942 putat,
855 2859 946 2922 cuius
965 2859 999 2921 in
1018 2878 1084 2921 eor·
1131 2843 1142 2878 ‘

141 3053 174 3102 18
193 3047 241 3102 Ov.
257 3065 310 3103 am.
325 3048 351 3102 Π
367 3055 408 3116 14,
424 3054 438 3102 7
548 3055 581 3102 22
601 3048 649 3103 Ov.
664 3067 700 3102 m.
716 3049 768 3102 XV
781 3055 833 3103 218

140 3232 154 3280 1
175 3226 316 3281 accideret
330 3227 353 3280 δ
366 3227 375 3295 Η
390 3230 405 3280 8
424 3224 514 3281 libera
527 3218 571 3278 Bz'
585 3230 594 3297 ΙΙ
609 3232 624 3280 9
643 3226 749 3280 torulos
765 3227 919 3296 Stephanus
932 3230 941 3296 ΙΙ
956 3233 989 3281 12
1008 3227 1083 3281 fron-

65 3299 126 3353 tem
138 3297 178 3350 1¹
195 3297 322 3353 fecerunt
337 3302 358 3357 ἢ
371 3299 412 3368 (B)
427 3315 476 3353 om.
492 3302 510 3349 z
527 3301 531 3367 Ι
548 3298 719 3352 sanctissimi
734 3319 755 3350 ω
774 3316 842 3354 corr.
859 3315 875 3357 ς
893 3300 903 3368 d
922 3304 954 3352 13
973 3299 1044 3370 pen]
1063 3317 1082 3369 p

66 3371 180 3439 (huosa
190 3371 237 3424 rel.
247 3372 278 3440 B)
290 3373 335 3429 011
349 3385 399 3424 oua
412 3371 462 3424 loo.
472 3370 547 3424 rotz
561 3372 570 3440 ῃ
586 3374 618 3423 15
633 3368 819 3429 deueninntu
833 3369 931 3423 de'mit
944 3370 998 3439 (tat
1007 3371 1082 3438 ss.)11

66 3441 102 3496 de
116 3441 178 3511 (loc.
192 3442 251 3512 rel.)
265 3445 283 3495 Ζ
297 3442 306 3510 ΙΙ
322 3445 354 3494 17
369 3440 523 3510 contempti
537 3445 555 3492 z
568 3442 578 3510 ΙΙ
593 3446 626 3494 18
641 3439 819 3494 abortientm
832 3445 854 3493 B
869 3444 979 3511 tuscos
990 3445 1044 3496 vn
1052 3455 1098 3489 ue

66 3517 146 3566 corz
162 3514 166 3582 Ι
183 3528 270 3567 acne
285 3512 364 3583 Mdp.
381 3515 393 3581 p
411 3517 444 3566 23
462 3512 529 3568 hinc
548 3513 586 3569 ad
603 3512 732 3570 bestiam
742 3513 781 3568 1¹
796 3517 863 3587 qut
886 3514 921 3567 et
936 3510 1026 3564 cuius
1036 3503 1128 3569 aas&

67 3587 101 3636 28
119 3583 263 3638 obsorduit
278 3583 365 3653 (·bur't
376 3588 406 3656 Ζ)
419 3589 467 3639 ΒΖ
