2438 3878
443 187 495 242 xv
515 194 560 254 re;
580 194 625 255 ιτς
647 194 679 242 rs
1004 188 1066 252 145

55 352 146 416 rimis
165 352 316 415 hiantem.
353 351 436 415 Tum
454 352 599 435 experiri,
619 352 722 434 credo,
741 351 838 416 etiam
855 356 932 416 tunc
946 353 1093 436 volenes

55 464 98 505 an
120 439 205 505 ullae
228 440 290 505 sibi
310 440 452 524 reliquae
470 442 553 505 vires
572 441 727 523 adessent,
750 441 891 505 inmissis
910 442 944 504 in
962 463 1066 505 caver·

55 551 114 593 nas
151 529 275 594 arboris
312 529 422 614 digitis
460 530 606 594 diducere
638 534 671 594 et
702 530 881 595 rescindere
914 551 1067 614 quercum

57 622 191 684 conatus
233 622 289 683 est.
348 618 398 682 Ac
437 619 575 683 mediam
615 618 743 701 quidem
780 624 903 703 partem
941 619 1067 683 discidit

29 707 258 792 sdivellitque3
281 728 417 790 quercus
438 712 546 772 autem
564 709 599 772 in
617 708 695 772 duas
715 708 844 772 diducta
862 709 971 791 partis,
994 726 1094 773 cume

57 799 113 861 ille
137 797 229 880 quasi
251 797 402 880 perfecto,
425 798 512 881 quod
534 801 602 862 erat
622 799 765 879 conixus,
788 819 900 861 manus
919 796 1068 880 laxasset,

58 889 202 951 cessante
225 887 258 950 vi
280 887 376 950 rediit
397 887 432 950 in
455 890 600 951 naturam
620 886 830 969 manibusque
849 887 917 951 eius
935 886 1067 951 retentis

57 975 255 1059 inclusisque
278 976 389 1039 stricta
413 975 516 1039 denuo
540 980 572 1040 et
594 975 729 1040 cohaesa
753 974 989 1039 dilacerandum
1011 975 1068 1040 ho-

57 1065 177 1128 minem
199 1064 275 1128 feris
298 1064 452 1149 praebuit.
686 1078 687 1082 ’

15 1216 43 1256 ro
517 1187 611 1252 XVII

57 1291 147 1357 Quem
166 1291 201 1346 ob
221 1307 334 1346 causam
352 1291 460 1346 nobiles
478 1293 558 1361 pueri
572 1293 786 1347 Atheniensium
804 1293 883 1346 tibiis
903 1309 1002 1347 canere
1021 1293 1068 1346 de-

94 1363 205 1429 sierint,
225 1380 288 1416 cum
305 1364 429 1432 patrium
447 1364 533 1416 istum
551 1380 656 1418 morem
675 1364 795 1418 canendi
812 1365 956 1419 haberent.

124 1472 307 1537 Alcibiades
332 1472 553 1556 Atheniensis,
581 1495 655 1539 cum
682 1475 767 1558 apud
794 1476 988 1539 avunculum
1011 1474 1094 1540 Pe-1

56 1563 158 1627 riclen
180 1584 260 1645 puer
282 1562 403 1626 artibus
427 1584 464 1626 ac
488 1562 665 1646 disciplinis
686 1563 872 1627 liberalibus
892 1565 1070 1628 erudiretur

17 1677 42 1717 ιε
58 1655 91 1715 et
113 1651 231 1715 arcessi
253 1650 390 1716 Pericles
413 1649 642 1735 Antigenidam
665 1653 830 1716 tibicinem
853 1653 1007 1735 iussisset,
1033 1655 1069 1716 ut

58 1763 132 1805 eum
155 1761 267 1804 canere
290 1740 388 1822 tibiis,
411 1740 497 1824 quod
519 1740 782 1806 honestissimum
805 1745 874 1805 tum
893 1740 1070 1823 videbatur,

58 1831 199 1912 doceret,
231 1829 364 1893 traditas
397 1829 459 1893 sibi
490 1830 600 1913 tibias,
633 1852 706 1893 cum
738 1829 778 1893 ad
808 1851 843 1893 os
872 1829 1071 1894 adhibuisset

57 1919 278 2002 inflassetque,
314 1918 502 2002 pudefactus
540 1920 603 1983 oris
641 1918 843 1982 deformitate
880 1918 996 1983 abiecit
1024 1919 1070 1982 in-

57 2008 227 2093 fregitque.
280 2006 328 2085 Ea
359 2028 410 2070 res
442 2029 514 2070 cum
547 2008 791 2092 percrebuisset,
824 2008 967 2070 omnium
999 2011 1096 2072 turne

16 2124 43 2163 ao
57 2095 305 2160 Atheniensium
329 2117 485 2160 consensu
508 2096 676 2180 disciplina
698 2096 788 2160 tibiis
812 2095 946 2159 canendi
970 2095 1070 2159 desita

57 2189 116 2250 est.
163 2183 326 2269 Scriptum
349 2186 412 2250 hoc
435 2186 540 2250 estin
563 2185 825 2250 conmentario
847 2184 1097 2269 Pamphilaes

56 2297 157 2339 nono
182 2279 219 2338 et
241 2275 424 2339 vicesimo
449 2273 564 2357 (ΓΗΘ
578 2273 723 2351 111521,
738 2274 783 2357 9).

511 2433 621 2499 XVIII

57 2537 140 2603 Quod
163 2553 260 2606 pugna
278 2537 347 2592 belli
366 2538 455 2591 civilis
473 2537 646 2606 victoriaque
665 2537 718 2592 Gai
738 2537 877 2606 Caesaris,
900 2555 986 2607 quam
1004 2539 1072 2593 vicit

17 2623 43 2664 25
94 2608 125 2661 in
134 2607 288 2662 Pharsaliis
303 2609 418 2678 campis,
433 2610 564 2664 nuntiata
577 2610 780 2679 praedictaque
794 2612 838 2664 est
851 2627 901 2678 per
915 2611 1072 2680 cuiuspiam

32 2692 39 2701 ·
94 2679 242 2749 †remigis
260 2679 425 2734 vaticinium
444 2681 542 2736 eodem
560 2680 622 2750 ipso
643 2681 688 2734 die
706 2682 736 2735 in
754 2681 839 2736 Italia
856 2683 964 2736 Patavi.

126 2788 197 2864 Quo
213 2787 246 2853 O.
262 2787 378 2854 Caesar
396 2793 428 2854 et
442 2790 497 2856 Gn.
512 2790 684 2875 Pompeius
704 2791 754 2855 die
771 2814 828 2875 per
841 2791 935 2856 civile
950 2791 1070 2855 bellum
1083 2809 1096 2857 1

58 2879 161 2964 signis
193 2879 328 2943 conlatis
360 2880 395 2943 in
424 2880 588 2944 Thessalia
620 2880 846 2963 conflixerunt,
877 2902 927 2944 res
956 2881 1072 2945 accidit

132 3059 165 3106 13
185 3052 258 3107 Plut.
273 3052 363 3108 Alcib.
379 3060 395 3106 2
413 3054 494 3108 Plato
508 3054 599 3108 Alcib.
614 3055 627 3107 I
642 3059 658 3107 3
672 3075 698 3125 p.
717 3054 798 3109 106Ε
890 3059 923 3107 27
934 3071 993 3122 sqq.
1013 3053 1070 3107 Liv.

58 3124 223 3249 ffidglqt.
229 3123 317 3251 Oclqes.
332 3124 465 3250 4112}ch
465 3127 551 3249 (cum4
551 3126 796 3251 comffthqhol.)
805 3125 856 3179 VII
867 3130 917 3178 192
931 3125 985 3178 Dio
996 3123 1071 3179 Cass.

171 3239 178 3264 ,
273 3212 329 3265 seq.
435 3214 510 3251 ron.
551 3216 578 3265 p.
594 3214 616 3250 c.

133 3363 147 3410 1
162 3356 249 3410 ramis
264 3377 285 3408 ω
297 3371 364 3410 corr.
376 3358 540 3412 Raacbiacs
553 3360 562 3427 ΙΙ
576 3363 591 3409 2
606 3356 636 3410 in
646 3362 724 3412 om.z
741 3359 744 3425 Ι
761 3355 888 3409 cauernis
902 3358 925 3411 d
939 3359 948 3426 ΙΙ
963 3362 978 3410 3
992 3358 1074 3410 redu-

59 3445 123 3483 cere
137 3429 161 3482 δ
174 3431 183 3498 ΙΙ
197 3434 214 3481 4
228 3429 338 3496 partem
352 3428 578 3484 calcaneorum
591 3431 600 3498 11
615 3433 630 3481 7
645 3428 691 3482 eui
705 3429 844 3498 (cessante
853 3430 919 3498 oauq
928 3430 1031 3496 Aba&
1042 3429 1093 3478 est

59 3516 110 3555 om·
127 3501 171 3568 Ol
186 3503 220 3552 24
239 3513 296 3566 qua
310 3501 365 3568 111}
379 3505 412 3553 26
430 3500 545 3571 remigis
560 3499 640 3574 (·giis
655 3502 686 3573 ol
702 3522 724 3556 ω
742 3498 875 3556 Romani
886 3497 1015 3567 anguiis
1025 3495 1113 3546 icoo

59 3569 215 3626 sacerdotis
230 3586 248 3622 o
259 3571 392 3641 praesagi
410 3572 463 3638 (cel
480 3574 597 3647 sagacis
617 3577 671 3647 cfr.
690 3575 742 3634 Oc.
757 3593 796 3630 rc.
814 3575 843 3630 V
860 3573 930 3640 145}
945 3561 1136 3620 conectendos

102 3665 209 3706 Gnarus
225 3665 258 3705 ed.
272 3668 384 3712 Hosius
396 3671 427 3712 11
929 3662 971 3711 m
