2438 3878
515 193 579 246 XIV
598 200 612 247 1
1006 188 1068 254 109

56 353 177 436 quibus
205 352 365 437 homines,
391 357 517 441 legibus
544 360 749 421 nascerentur
771 355 935 437 isdemque
958 354 1069 418 itidem

56 441 344 527 extinguerentur?
367 449 403 508 ut
426 450 482 510 aut
503 446 688 510 ranunculis
712 466 839 527 quoque
863 448 894 507 et
915 442 1069 508 culicibus

56 532 210 596 nascendi
237 531 303 597 fata
331 533 395 596 sint
422 533 459 598 de
483 535 667 599 caelestium
691 533 829 597 siderum
853 532 994 596 motibus
1017 530 1070 594 ad-

55 621 181 684 tributa
204 625 272 704 aut,
301 622 329 686 si
350 622 384 686 id
406 644 472 687 non
494 627 657 706 putarent,
684 624 773 686 nulla
795 623 877 686 ratio
901 621 1070 703 videretur,

26 733 117 777 ocur
145 732 182 774 ea
208 710 346 774 siderum
369 711 417 775 vis
441 713 476 775 in
497 711 682 776 hominibus
705 713 838 794 valeret,
866 710 1014 774 deficeret
1036 711 1071 772 in

58 800 182 864 ceteris.

126 887 215 952 Haeo
237 910 296 952 nos
320 889 403 954 sicca
426 893 458 954 et
480 889 644 954 incondita
663 893 695 953 et
713 888 945 972 propemodum
964 887 1070 952 ieiuna
1080 910 1113 958 32

58 977 205 1042 oratione
241 978 444 1063 adtingimus.
505 975 560 1042 Set
596 977 822 1060 Favorinus,
857 980 894 1040 ut
930 976 1070 1040 hominis

57 1066 225 1151 ingenium
247 1066 310 1130 fuit
333 1071 433 1150 utque
456 1071 504 1130 est
524 1065 660 1130 Graecae
677 1066 844 1131 facundiae
864 1066 956 1149 copia
975 1066 1071 1129 simul
1156 1139 1164 1152 „

12 1159 92 1221 1oet
120 1158 284 1238 venustas,
313 1156 411 1220 latius
439 1177 476 1219 ea
504 1159 536 1219 et
563 1156 728 1219 amoenius
756 1159 788 1219 et
815 1154 1011 1239 splendidius
1040 1157 1072 1218 et

58 1243 272 1326 profluentius
296 1244 512 1326 exequebatur
531 1248 627 1327 atque
645 1244 819 1309 identidem
839 1243 1071 1325 commonebat,

58 1337 97 1396 ut
120 1354 313 1416 caveremus,
334 1354 375 1396 ne
395 1354 459 1415 qua
477 1333 570 1397 nobis
589 1335 644 1398 isti
662 1332 879 1417 sycophantae
896 1332 938 1397 ad
955 1333 1071 1397 facien-

59 1422 134 1485 dam
157 1421 253 1485 fidem
276 1422 466 1505 inreperent‚
490 1422 576 1505 quod
597 1422 781 1486 viderentur
802 1422 958 1505 quaedam
976 1423 1071 1486 inter-

60 1511 138 1574 dum
166 1530 240 1574 vera
267 1511 392 1575 effutire
420 1516 475 1576 aut
503 1532 660 1597 spargere.
707 1510 794 1575 ‘Non
821 1511 907 1575 enim
930 1531 1115 1594 compre-33

15 1631 43 1670 15
58 1599 171 1663 hensa'
205 1599 310 1683 inquit
344 1601 459 1683 ‘neque
489 1600 619 1664 definita
646 1622 749 1685 neque
775 1605 926 1685 percepta
953 1601 1072 1683 dicunt,

60 1689 117 1753 sed
153 1688 276 1754 lubrica
312 1692 409 1772 atque
445 1689 630 1775 ambagiosa
666 1690 898 1754 coniectatione
934 1690 1072 1753 nitentes

59 1779 146 1842 inter
167 1777 248 1842 falsa
271 1782 367 1860 atque
390 1800 464 1842 vera
487 1779 717 1862 pedetemptim
741 1780 831 1864 quasi
850 1801 908 1862 per
925 1778 1072 1843 tenebras

59 1866 276 1950 ingredientes
312 1871 389 1931 eunt
425 1871 457 1931 et
488 1871 544 1932 aut
575 1869 677 1931 multa
708 1868 895 1951 temptando
928 1868 1073 1932 incidunt

59 1959 193 2039 repente
216 1956 421 2039 inprudentes
444 1958 479 2020 in
501 1957 668 2020 ueritatem
691 1961 747 2022 aut
768 1958 921 2040 ipsorum,
944 1958 999 2039 qui
1019 1977 1073 2019 eos

15 2075 45 2114 ao
60 2045 243 2126 consulunt,
265 2044 367 2109 multa
390 2045 577 2110 credulitate
598 2046 732 2110 ducente
751 2045 941 2129 perueniunt
960 2044 1073 2109 callide

60 2133 103 2197 ad
126 2155 173 2215 ea,
196 2154 277 2215 quac
299 2156 374 2197 vera
398 2138 481 2216 sunt,
504 2133 677 2200 etidcirco
701 2135 849 2198 videntur
871 2135 906 2197 in
923 2134 1073 2217 praeteri-

60 2223 104 2286 tis
136 2221 232 2285 rebus
265 2244 360 2305 quam
390 2223 424 2285 in
450 2222 567 2287 futuris
595 2225 763 2288 veritatem
790 2224 916 2288 facilius
945 2223 1072 2286 imitari.

59 2310 128 2374 Ista
159 2314 268 2374 tamen
295 2311 416 2394 omnia,
448 2333 529 2394 quae
556 2315 612 2376 aut
638 2316 758 2376 temere
785 2317 840 2377 aut
867 2316 972 2376 astute
999 2333 1074 2376 vera

62 2401 183 2482 dicunt,
208 2422 284 2483 prae
307 2401 440 2483 ceteris,'
465 2401 570 2484 inquit
594 2401 687 2482 ‘quae
710 2403 916 2484 mentiuntur,
939 2423 1013 2485 pars
1037 2423 1074 2465 ea

18 2517 45 2558 aa
60 2509 129 2553 non
152 2488 194 2552 sit
216 2488 406 2554 millesima?

129 2575 261 2642 Praeter
291 2577 370 2643 haec
397 2583 518 2661 autem,
550 2601 631 2662 quae
659 2578 817 2644 dicentem
843 2578 1118 2646 Favorinumu

60 2667 258 2749 audivimus,
294 2668 395 2732 multa
432 2666 528 2732 etiam
565 2669 696 2732 memini
730 2673 898 2753 poetarum
929 2674 1074 2734 veterum

60 2756 262 2838 testimonia,
298 2756 414 2838 quibus
450 2756 670 2822 huiuscemodi
706 2758 856 2843 ambages
891 2757 1073 2823 fallaciosae

20 2845 279 3017 ⁸⁰ficiqrgqutqptur.
328 2843 380 2909 Ex
412 2845 527 2929 quibus
560 2850 608 2910 est
635 2845 892 2911 Pacuvianum
923 2846 1004 2912 illud
1033 2846 1053 2929 (
1067 2896 1074 2910 .

107 3077 193 3140 narn
208 3075 254 3157 si,
268 3096 361 3157 quae
376 3080 559 3141 eventura
573 3082 674 3160 sunt,
688 3076 931 3160 provideant,
946 3077 1074 3159 aequi-

647 3166 781 3249 parent
803 3164 899 3249 Iovi,

135 3365 150 3411 7
170 3372 229 3411 una
249 3360 335 3439 11οΠ
354 3374 410 3411 una
429 3357 459 3411 in
477 3363 495 3409 Ζ
509 3360 518 3427 11
532 3362 547 3410 8
568 3358 721 3428 adtigimus
740 3358 784 3413 St.
800 3359 805 3441 1
822 3359 876 3428 set]
895 3359 924 3411 et
941 3376 961 3427 γ
973 3359 983 3427 1
997 3363 1013 3412 9
1032 3360 1075 3412 est

61 3447 144 3503 army
157 3432 166 3499 11
182 3434 215 3482 15
230 3427 353 3482 drffinrta
367 3430 390 3482 d
405 3429 410 3499 Ι
425 3430 585 3498 preceptaz
599 3430 608 3497 11
623 3434 656 3482 20
670 3428 869 3484 incredulrtate
882 3429 1025 3482 ducentas
1037 3432 1095 3493 611

61 3508 113 3639 {qq
111 3501 247 3639 qiipu'ppp'r
256 3501 301 3625 11111
298 3505 371 3626 882118
362 3499 476 3554 Praeter
484 3517 534 3555 mn.
549 3517 569 3572 γ
583 3501 593 3572 11
606 3506 641 3557 28
654 3519 673 3558 a
682 3501 789 3573 quibus
798 3503 899 3572 ebt&
907 3493 1115 3568 quaeum-'bb
