2438 3878
154 186 195 250 γε
496 185 560 238 xm
579 190 625 252 1⁹³
645 189 678 237 ao
698 188 754 255 (183
775 186 819 254 19)

153 349 243 413 etin
265 349 429 434 tragoedia
453 347 637 431 Sophocli
661 348 798 431 scriptus
822 351 878 425 est,
904 348 956 412 cui
977 347 1102 411 titulus
1125 353 1176 413 est

156 436 343 514 Φθιώτιὸες
374 438 429 519 (fr.
453 442 516 501 633
538 435 623 519 Ns),
659 440 691 500 et
727 437 761 500 in
792 435 953 502 Bacchis
985 435 1176 520 Euripidi

127 527 195 680 4(st
209 527 417 699 lil3)qu0que
447 615 729 679 animadvertimus
762 619 840 698 aput
867 612 1109 698 Aeschylum
1139 614 1175 679 ἐν

153 714 203 792 τῷ
238 708 428 792 πυρφόρῳ
461 709 670 789 Προμηθεῖ
702 709 733 768 et
765 708 843 787 aput
873 703 1107 786 Euripidem
1140 704 1208 770 ius

153 794 366 879 tragoedia,
390 815 470 876 quae
493 793 647 876 inscripta
671 797 719 857 est
733 791 830 875 Ἰνώ,
854 792 988 857 eundem
1012 814 1086 856 esse
1105 815 1175 858 ver-

154 905 225 948 sum
244 883 365 966 absque
381 884 491 966 paucis
506 883 646 966 syllabis.
679 881 894 966 Aeschylus
909 882 955 945 sic
970 880 1110 963 (fr.208
1119 879 1176 947 N?

153 970 303 1056 [Oboepb.
319 972 429 1056 576]):
550 1025 555 1034 .

199 1106 321 1178 σιγῶν
343 1094 378 1160 θ’
406 1096 503 1161 ὅπου
527 1096 671 1161 δεῖκαὶ
695 1095 884 1179 λέγωντὰ
908 1095 1061 1179 καίρια,

154 1220 360 1305 Euripides
383 1221 429 1285 ita
452 1221 505 1304 (fr.
520 1226 583 1285 413
596 1219 680 1304 N.²):
1188 1246 1209 1285 a

200 1355 316 1428 σιγᾶν
338 1343 372 1409 θ’
402 1346 499 1410 ὅπου
523 1342 668 1409 δεῖκαὶ
693 1343 822 1426 λέγειν
845 1341 894 1407 ἵν’
921 1342 1111 1425 ἀσφαλές.

155 1468 230 1534 Fuit
253 1473 359 1533 autem
383 1467 596 1552 Aeschylus
619 1490 683 1533 non
707 1469 796 1533 brevi
819 1468 991 1549 antiquior.

565 1663 626 1727 xx
650 1662 754 1750 (xix)

297 1785 339 1840 De
358 1801 459 1854 genere
478 1788 562 1854 atque
580 1786 741 1839 nominibus
759 1785 885 1839 familiae
904 1784 1029 1838 Porciae.

131 1929 144 1977 1
224 1912 304 1977 Cum
337 1914 371 1977 in
403 1914 516 1977 domus
543 1912 730 1978 Tiberianae
763 1911 958 1977 bibliotheca
987 1913 1175 1978 ederemus
1187 1937 1205 1978 n

157 2023 216 2088 ego
245 2006 277 2066 et
299 2001 540 2086 Apollinaris
565 2000 761 2085 Sulpicius
790 2005 822 2065 et
850 2002 979 2084 quidam
1009 2003 1068 2067 alii
1094 2003 1175 2067 mihi

156 2096 212 2156 aut
234 2093 283 2156 illi
305 2091 491 2174 familiares,
517 2093 661 2174 prolatus
684 2092 767 2155 forte
790 2091 873 2155 liber
894 2095 943 2155 est
965 2091 1014 2155 ita
1036 2093 1175 2176 inscrip-

130 2185 221 2244 2tus:
244 2182 286 2245 M.
307 2180 462 2246 Catonis
484 2179 655 2264 Nepotis.
696 2181 779 2244 Tum
803 2181 913 2263 quaeri
936 2185 1093 2263 coeptum
1119 2187 1175 2264 est,

131 2269 304 2352 aquisnam
331 2271 358 2334 is
386 2271 500 2335 fuisset
523 2269 565 2333 M.
590 2268 681 2335 Cato
704 2269 840 2353 Nepos.
887 2267 995 2352 Atque
1024 2270 1075 2334 ibi
1100 2272 1174 2335 adu-

156 2360 277 2424 lescens
302 2360 473 2443 quispiam,
502 2359 588 2443 quod
611 2382 649 2424 ex
673 2359 740 2422 eius
765 2358 964 2422 sermonibus
989 2360 1205 2424 coniectores

156 2449 257 2530 potui,
275 2468 340 2511 non
359 2448 532 2512 abhorrens
552 2448 716 2513 alitteris:
737 2447 811 2510 ‘hic'
831 2447 937 2530 inquit
952 2447 1013 2511 ‘est
1026 2446 1073 2512 M.
1086 2448 1173 2529 cato,

156 2558 223 2600 non
250 2542 463 2621 cognomento
490 2535 614 2619 Nepos,
647 2537 702 2601 sed
728 2537 770 2600 M.
798 2535 928 2600 Catonis
957 2533 1109 2602 Censorii
1135 2559 1174 2601 ex

119 2654 123 2660 ·
156 2625 224 2688 filio
252 2648 365 2709 nepos,
393 2627 448 2708 qui
475 2629 567 2708 pater
593 2627 656 2689 fuit
679 2625 720 2689 M.
746 2624 889 2707 Catonis,
917 2627 1075 2708 praetorii
1104 2627 1173 2708 viri,

157 2715 212 2797 qui
245 2715 329 2778 bello
363 2715 449 2778 civili
477 2713 589 2779 Vticae
621 2737 731 2780 necem
759 2715 821 2778 sibi
849 2713 956 2799 gladio
984 2737 1089 2778 manu
1118 2737 1198 2780 sua.

157 2804 325 2886 conscivit,
353 2803 391 2866 de
420 2804 509 2867 cuius
536 2804 603 2867 vita
629 2804 711 2868 liber
736 2808 784 2868 est
806 2803 847 2867 M.
873 2800 1090 2889 Ciceronis,
1118 2805 1203 2888 quie

156 2892 342 2958 inscribitur
364 2893 447 2956 laus
466 2891 635 2976 Catonis,
660 2915 754 2976 quern
777 2893 811 2956 in
835 2892 946 2959 eodem
969 2892 1056 2956 libro
1082 2894 1173 2976 (fr.1

151 3003 184 3063 p.
205 2985 270 3046 987
292 2979 371 3065 0νὲ)
394 2981 479 3046 idem
503 2980 635 3046 Cicero
663 2987 873 3066 pronepotem
901 2982 1001 3045 fuisse
1026 2982 1110 3048 dicit
1132 2982 1172 3046 M.

229 3178 244 3226 9
262 3174 360 3227 Aesoh.
377 3173 451 3242 Sept.
468 3180 518 3228 619

229 3357 244 3405 1
268 3353 403 3422 scriptum
426 3373 448 3406 ω
470 3355 479 3423 ΙΙ
503 3359 519 3406 2
543 3352 733 3406 ΦΙΛΟΤΙΔΕΟ
755 3353 810 3419 fere
834 3371 855 3404 ω
877 3367 945 3406 corr.
967 3351 1172 3480 Oosouboouap

157 3424 316 3493 escnpcaz
329 3423 332 3497 4
346 3425 431 3478 erno}
442 3445 463 3477 ω
477 3427 486 3493 y
501 3425 656 3477 ecetram
666 3425 732 3492 yn)
744 3423 747 3494 ι
760 3423 916 3492 myssa
930 3424 939 3491 ιι
954 3426 1152 3482 recensui

143 3497 209 3560 fere
220 3496 266 3566 co)
281 3497 350 3550 ΟΠΙ
362 3500 388 3549 x
400 3498 412 3567 1}
426 3502 460 3551 15
474 3494 685 3566 bibli(o)thecae
698 3497 787 3548 uon
798 3497 807 3563 l
822 3498 854 3546 17
870 3493 990 3562 scriptus
1004 3499 1032 3548 Χ
1045 3499 1056 3567 ΙΙ
1070 3504 1108 3553 22
1121 3515 1174 3553 non

135 3579 186 3615 om.
206 3570 228 3623 Q
237 3567 256 3634 sl
265 3572 304 3621 26
320 3567 425 3623 laudes
444 3574 493 3623 ΤΥ
