2438 3878
545 187 610 241 xiv
630 194 659 256 23
679 194 694 240 a
1062 190 1126 255 115

109 350 167 414 uti
200 354 321 414 testes
353 372 428 414 non
456 351 702 436 interessent,
735 351 809 435 illi,
841 352 939 416 unde
966 353 1147 436 petitur„

109 440 144 503 ei
168 439 299 522 potius
323 440 549 504 credendum
569 463 659 505 esse.
700 439 809 505 Nunc
828 442 860 505 si
879 442 1125 525 sponsionem

108 528 297 593 fecissent
334 527 481 594 Gellius
523 551 605 594 cum
643 529 772 613 Turio,
812 531 852 594 ni
892 531 951 594 vir
988 532 1126 596 melior

109 622 212 682 esset
235 615 385 682 Gellius
409 640 519 702 quam
543 618 695 702 Turius,
722 641 845 702 nemo,
874 620 1023 703 opinor,
1048 623 1125 684 tam

80 706 267 775 sinsanus
308 711 422 790 esset,
468 708 533 790 qui
573 708 764 772 iudicaret
804 709 1001 773 meliorem
1043 730 1125 772 esse

109 793 275 860 Gellium
308 817 418 878 quam
446 796 614 861 Turium:
649 798 679 860 si
706 819 781 861 non
809 798 946 862 melior
975 796 1124 862 Gellius

107 889 167 949 est
194 884 324 968 Turio,
356 886 487 969 potius
516 890 669 969 oportet
697 886 814 968 credi,
837 887 939 973 ,unde
967 887 1124 970 petitur.

591 1061 639 1128 ΠΙ

128 1184 174 1236 An
193 1183 297 1237 aemuli
316 1183 471 1252 offensique
489 1185 564 1238 inter
582 1201 643 1239 sese
661 1184 767 1238 fuerint
784 1154 940 1254 Xenophon
960 1186 989 1239 et
1006 1185 1097 1239 Plato.

64 1340 91 1380 ιο
175 1309 246 1387 Qui
270 1312 313 1377 de
331 1311 600 1396 Xenophontis
618 1311 861 1396 Platonisque
884 1313 965 1377 vita
988 1316 1025 1376 et
1048 1331 1149 1378 mol

104 1399 214 1464 ribus
242 1401 395 1486 pleraque
424 1402 531 1466 omnia
555 1402 803 1485 exquisitissime
827 1403 1030 1486 scripsere,
1058 1423 1124 1465 non

105 1490 226 1552 afuisse
245 1491 284 1554 ab
304 1491 349 1554 eis
368 1495 475 1555 motus
495 1491 650 1575 quosdam
669 1492 785 1556 tacitos
805 1495 837 1555 et
856 1491 999 1556 occultos
1015 1491 1124 1554 simul-

104 1579 183 1642 tatis
216 1580 504 1662 aemulationisque
537 1584 667 1644 mutuae
699 1584 894 1663 putaverunt
921 1585 953 1644 et
981 1580 1050 1644 eius
1077 1581 1123 1645 rei

104 1672 296 1752 argumenta
320 1669 475 1752 quaedam
500 1669 692 1734 coniectaria
715 1691 754 1733 ex
773 1691 884 1734 eorum
904 1669 1032 1752 scriptis
1051 1691 1124 1752 pro-

63 1785 91 1826 rs
105 1758 260 1821 tulerunt.
305 1757 354 1822 Ea
379 1762 455 1822 sunt
476 1758 621 1841 profecto
645 1758 880 1823 huiuscemodi:
909 1757 996 1842 quod
1018 1775 1149 1840 nequea

105 1867 125 1908 a
146 1843 309 1911 Platone
331 1847 366 1912 in
388 1851 439 1912 tot
461 1868 594 1910 numero
618 1847 709 1911 libris
732 1849 853 1912 montio
877 1869 1014 1930 usquam
1037 1848 1123 1911 facta

106 1934 149 1997 sit
176 1933 446 2020 Xenophontis
477 1957 582 2019 neque
614 1936 692 2001 item
720 1941 832 2001 contra
859 1937 899 2000 ab
928 1957 966 2000 eo
994 1936 1029 1998 in
1056 1937 1122 2000 suis

104 2023 197 2087 libris
215 2021 405 2109 Platonis,
429 2046 623 2109 quamquam
644 2029 778 2108 uterque
797 2046 834 2089 ac
854 2026 992 2094 maxime
1010 2023 1122 2088 Plato

106 2114 322 2196 complurium
361 2112 531 2178 Socratis
569 2118 763 2179 sectatorum
800 2115 834 2178 in
869 2113 1122 2196 sermonibus,

60 2222 189 2284 roquos
217 2203 358 2287 scripsit,
387 2203 649 2292 commeminerit.
695 2201 732 2266 Id
760 2203 856 2266 etiam
880 2223 1036 2267 essenon
1060 2202 1148 2266 sin-a

105 2312 198 2355 cerae
229 2313 333 2374 neque
364 2292 486 2357 amicae
518 2291 694 2357 voluntatis
727 2291 881 2357 indicium
911 2290 1122 2374 credidenmt,

104 2379 193 2461 quod
220 2379 435 2465 Xenophon
466 2381 578 2446 inolito
611 2382 661 2446 illi
681 2383 778 2464 'operi
805 2380 1003 2465 Platonos,
1035 2382 1122 2464 quod

104 2469 150 2532 de
188 2469 333 2552 optimo
367 2474 470 2535 statu
502 2470 742 2554 reipublicae
775 2470 1026 2554 civitatisque
1058 2469 1122 2534 ad-

104 2557 386 2647 ministrandae
410 2561 565 2643 scriptum
589 2565 647 2642 est,
669 2560 761 2624 lectis
785 2582 825 2624 ex
847 2580 885 2623 eo
909 2558 1034 2623 duobus
1055 2559 1121 2623 fere

60 2675 88 2716 25
103 2645 211 2730 libris,
240 2648 295 2730 qui
322 2649 418 2731 primi
445 2648 480 2713 in
506 2650 622 2734 volgus
651 2649 807 2732 exierant,
835 2648 987 2732 opposuit
1010 2651 1121 2712 contra

103 2735 362 2820 conscripsitque
387 2738 548 2802 diversum
571 2738 678 2824 regiae
701 2737 987 2802 administrationis
1010 2757 1120 2822 genus,

102 2825 192 2908 quod
228 2826 409 2902 παιδείας
440 2826 576 2911 Κύρου
613 2827 804 2910 inscriptum
841 2831 897 2890 est.
952 2824 1001 2888 Eo
1033 2825 1147 2888 facto4

101 2914 292 2998 scriptoque
315 2915 383 2978 eins
406 2937 507 2999 usque
531 2915 610 2978 adeo
634 2919 816 2999 permotum
835 2936 903 2978 esse
921 2912 1120 2978 Platonem

100 3004 222 3085 ferunt,
245 3007 282 3066 ut
306 3004 445 3085 quodam
468 3004 502 3067 in
525 3004 609 3069 libro
630 3004 793 3068 mentione
813 3002 888 3088 Gyri
905 3003 991 3088 regis
1009 3002 1120 3066 habita

178 3201 210 3248 10
221 3213 280 3263 sqq.
301 3196 383 3266 Diog.
397 3196 427 3248 L.
442 3195 468 3248 11
482 3200 507 3264 6,
520 3201 554 3249 14
567 3197 622 3266 (57)
636 3195 675 3248 ΠΙ
685 3200 719 3248 24
729 3198 784 3266 (34)
799 3195 900 3249 Athen.
911 3194 949 3247 XI
960 3200 1010 3248 112
1020 3212 1047 3263 p.
1059 3192 1123 3246 504f

176 3363 190 3410 1
219 3356 271 3409 ubi
294 3356 410 3411 Salmas.
433 3359 443 3426 ΙΙ
466 3361 482 3410 3
505 3354 622 3412 fecisset
642 3361 690 3409 llo
707 3358 710 3424 Ι
726 3355 800 3424 tyrio
823 3370 875 3408 neo
898 3371 931 3409 ea
952 3357 1052 3422 tyrone
1076 3353 1120 3426 (ΞΗ

100 3435 115 3484 7
137 3430 168 3483 et
187 3429 233 3496 δΙΙ
249 3431 282 3480 13
301 3429 378 3480 mute
397 3426 454 3486 (Μ
467 3429 477 3497 ss
492 3433 525 3480 14
545 3427 747 3482 coniectatoria
759 3432 783 3479 ll
802 3426 880 3495 -i(a)e
895 3428 985 3479 onx
995 3428 1059 3492 qux
1073 3440 1130 3474 ne-

98 3516 156 3570 que
171 3515 223 3554 ora.
240 3500 284 3568 0ss
298 3503 332 3551 22
346 3497 395 3552 illo
410 3519 431 3553 ω
444 3499 452 3582 j
468 3496 547 3568 operi
559 3497 686 3568 platonis
701 3498 809 3560 2²le
824 3489 1160 3570 periplatonosnouq

98 3578 134 3628 29
153 3568 302 3626 habitaret
315 3569 449 3638 peciandr
469 3570 514 3645 (sss
523 3590 551 3644 p.
568 3573 640 3646 (Μ

965 3653 1007 3708 Q!
