2438 3878
101 174 147 238 66·
547 175 610 230 XIII
629 181 662 229 11

101 339 207 403 vivas
234 360 303 403 nec
325 343 450 403 mutos
473 341 601 424 legere
625 341 793 422 oportet,
820 338 909 419 quia
932 338 1122 419 eloquen-

101 427 157 491 tia
188 427 227 490 in
258 427 342 491 foro
375 432 411 492 et
443 432 535 512 aput
565 427 765 508 subsellia,
797 426 995 490 silentium
1023 448 1119 491 vero

100 537 175 580 non
207 517 245 579 in
278 517 470 600 convivio,
507 521 564 580 set
595 517 634 579 in
666 515 844 581 cubiculo
878 536 959 579 esse
992 515 1118 579 debet.

73 603 269 670 cSermones
289 606 388 691 igitur
406 606 438 669 id
456 606 610 690 temporis
629 605 792 669 habendos
811 607 919 668 censet
937 625 1003 667 non
1018 626 1121 688 super

99 694 195 758 rebus
222 695 326 758 anxiis
354 699 410 758 eut
437 695 600 777 tortuosis,
623 694 678 758 sed
701 692 855 758 iucundos
879 696 975 776 atque
999 694 1119 758 invita-
1146 723 1157 763 ε,

100 783 180 847 biles
204 787 237 846 et
259 804 331 847 cum
356 783 492 865 quadam
516 782 675 847 inlecebra
698 786 730 846 et
752 783 918 865 voluptate
941 781 1051 865 utiles,
1077 805 1119 847 ex

100 872 216 954 quibus
244 872 409 956 ingenium
437 876 583 944 nostrum
611 872 775 935 venustius
803 871 861 935 fiat
883 874 915 934 et
938 872 1118 936 amoenius,

75 958 207 1036 sQuod
239 961 414 1043 profecto
447 961 553 1043 inquit
584 961 748 1042 eveniet,
784 961 816 1023 si
848 960 890 1023 de
923 960 960 1022 id
993 981 1117 1044 genus

99 1049 211 1113 rebus
239 1049 284 1112 ad
312 1070 544 1114 communem
568 1050 670 1113 vitae
694 1072 800 1113 usum
824 1049 1117 1132 pertinentibus

101 1137 405 1221 confabulemur,
432 1140 476 1202 do
503 1138 641 1221 quibus
669 1139 708 1201 in
735 1138 818 1201 foro
847 1141 960 1219 atque
988 1138 1030 1200 in
1053 1161 1155 1207 ne-1o

100 1227 219 1312 gotiis
247 1227 386 1312 agendi
408 1249 483 1291 non
506 1231 563 1291 est
586 1228 714 1291 otium.
759 1225 962 1290 Dominum
987 1230 1117 1291 eutem

99 1317 205 1399 inquit
242 1317 412 1380 convivii
449 1338 530 1380 esse
567 1319 721 1398 oportet
752 1337 827 1378 non
858 1318 933 1378 tam
965 1315 1117 1380 lautum

87 1426 209 1488 ,quam
242 1406 324 1469 sine
357 1404 548 1486 sordibus,
580 1408 625 1468 et:
657 1402 700 1467 ln
727 1404 904 1468 convivio
931 1404 1012 1489 legi
1041 1427 1119 1469 non

100 1494 226 1557 omnia
254 1493 407 1575 debent,
434 1493 498 1557 sed
526 1515 566 1556 ea
594 1493 853 1576 potissimum,
880 1513 975 1574 quae
1000 1493 1118 1558 simul

101 1583 179 1645 sint
202 1586 374 1665 βιωφελῆ
398 1585 435 1646 et
458 1582 659 1646 delectent.
1131 1611 1152 1652 15

74 1689 90 1738 o
166 1668 280 1754 Neque
303 1692 369 1734 non
392 1670 430 1735 de
454 1670 600 1735 secundis
625 1692 752 1754 quoque
775 1670 907 1752 mensis,
933 1670 1118 1736 cuiusmodi

101 1781 169 1824 esse
197 1782 249 1824 eas
279 1764 439 1843 oporteat,
466 1760 630 1843 praecipit.
676 1758 736 1823 His
760 1760 844 1823 enim
867 1758 973 1823 verbis
998 1761 1117 1825 utitur:

34 1861 40 1868 '
99 1847 269 1912 Bellaria
301 1849 407 1931 inquit
438 1871 480 1911 ea
512 1848 673 1912 maxime
705 1852 793 1913 sunt
823 1847 986 1930 mellita,
1019 1872 1118 1932 quae

99 1936 249 2001 mellita
280 1959 356 2001 non
388 1941 488 2022 sunt3
524 1936 720 2021 πέμμασιν
753 1937 851 2001 enim
884 1957 965 2000 oum
999 1937 1117 2015 πέψει

100 2026 264 2091 societas
287 2026 418 2091 infida.
665 2098 667 2102 μ
1130 2057 1152 2095 α

74 2134 89 2182 7
167 2113 260 2191 Quod
283 2114 403 2180 Varro
430 2116 494 2181 hoo
516 2117 551 2179 in
572 2117 645 2180 loco
669 2115 750 2179 dixit
773 2114 949 2197 bellaria,
977 2137 1018 2178 ne
1044 2118 1117 2199 quis

99 2204 183 2268 forte
214 2205 249 2267 in
280 2205 342 2268 ista
373 2226 451 2270 voce
482 2205 625 2288 haereat,
662 2204 823 2290 significat
855 2204 888 2267 id
919 2204 1117 2269 vocabulum

100 2315 194 2357 omne
226 2315 354 2358 mensae
387 2294 543 2359 secundae
575 2316 683 2379 genus.
733 2291 818 2357 Nam
851 2314 933 2375 quae
963 2291 1118 2377 πέμματα

100 2379 212 2446 Graeci
252 2387 308 2447 aut
349 2385 538 2467 τραγήματα
575 2384 736 2465 dixerunt,
778 2404 814 2446 ea
850 2385 972 2445 veteres
1010 2385 1118 2448 nostri

100 2470 254 2535 ‘bellaria'
279 2473 528 2556 appellaverunt.
570 2470 655 2534 Vina
679 2492 807 2554 quoque
830 2469 973 2534 dulciora
997 2477 1049 2536 est
1070 2474 1116 2536 in-
1131 2500 1153 2540 rs

98 2559 206 2624 venire
230 2560 269 2624 in
292 2560 499 2624 comoediis
523 2559 810 2643 antiquioribus
835 2559 877 2640 (p.
894 2564 968 2637 144,
988 2559 1115 2645 65113)

97 2648 160 2713 hoc
174 2650 304 2713 nomine
318 2650 479 2733 appellata
493 2649 640 2731 dictaque
655 2671 723 2712 esse
738 2671 774 2712 ea
790 2648 921 2712 Liberi
939 2648 1115 2715 bellaria.

171 2847 204 2895 16
215 2859 273 2911 sqq.
298 2840 383 2895 Maor.
402 2840 428 2894 Π
447 2846 471 2907 8,
491 2847 559 2908 usq.
658 2845 692 2894 23
715 2839 733 2895 l.
753 2840 771 2893 l.
792 2839 864 2893 GLK
881 2839 920 2892 ΠΙ
939 2845 1000 2906 497,
1022 2848 1037 2895 1
1064 2844 1118 2898 VH

99 2918 159 3038 aa,
174 2911 394 3051 filavnegubg.
414 2916 474 2979 aas,
493 2917 526 2966 1o
546 2910 613 2966 coc
627 2911 666 2965 v}
681 2916 731 2967 134
751 2911 838 2980 (Paul.
853 2927 880 2978 p.
897 2916 939 2978 35,
956 2916 988 2964 1o
1008 2912 1115 2970 Donat.

171 3167 184 3213 1
208 3158 311 3214 multos
330 3159 430 3214 0¹Hx
452 3163 461 3230 ΙΙ
484 3166 499 3213 6
526 3163 554 3214 et
577 3159 717 3214 inlecebra
736 3159 810 3229 (bra
829 3159 872 3228 α’)
897 3159 1050 3228 uoluptate
1071 3167 1115 3237 dl

98 3231 240 3300 uoluptati
260 3235 322 3286 Hx
338 3233 342 3304 l
358 3235 387 3286 et
404 3236 452 3284 ΤΥ
469 3233 479 3301 ΙΙ
498 3238 530 3284 11
553 3231 671 3301 agendis
689 3230 767 3300 loqui
785 3249 805 3300 γ
826 3232 835 3300 ΙΙ
860 3236 892 3283 12
912 3233 1056 3288 conuiuiis
1076 3240 1118 3309 zi

99 3308 132 3356 13
151 3302 228 3355 etin
247 3319 323 3357 conv.
338 3333 373 3344 -
388 3302 529 3356 delectent
547 3304 597 3358 del.
615 3303 708 3357 Oebler
724 3309 756 3357 at
774 3319 807 3356 ea
825 3303 846 3355 I
854 3305 901 3366 22,
916 3306 934 3356 5
951 3305 1005 3357 huc
1023 3314 1117 3363 troas·

98 3375 156 3428 late
172 3375 176 3443 Ι
192 3388 244 3427 nec
264 3374 331 3429 cell.
351 3376 431 3441 122,
450 3379 467 3428 5
487 3376 496 3443 ΙΙ
518 3379 551 3426 14
572 3377 601 3428 et
621 3375 688 3428 Gall.
707 3373 762 3427 iod.
783 3375 792 3443 ll
814 3378 846 3425 19
865 3370 960 3444 adnm]
981 3376 1119 3433 dulcibus

98 3442 188 3500 Mae.
203 3446 259 3515 1111
278 3446 309 3500 in
325 3461 375 3500 αα.
391 3445 437 3499 11¹
453 3446 457 3517 l
472 3444 579 3499 bellare
599 3447 664 3499 anto
679 3444 735 3502 (2¹2
749 3447 806 3513 1114
825 3449 962 3513 graecos
