2438 3878
140 171 207 236 200
565 171 642 226 XVII
660 177 690 240 53
709 177 725 224 6

142 335 196 400 isti
224 335 300 418 sint,
329 356 424 417 quam
453 335 543 400 cuius
566 357 634 401 esse
657 356 711 400 eos
735 357 831 418 supra
855 334 1012 417 diximus,
1041 334 1155 414 inlotis,

143 425 229 507 quod
256 425 359 508 aiunt,
391 424 525 508 pedibus
553 429 586 489 et
612 425 718 488 verbis
744 422 952 507 reprehendit
979 423 1155 489 doctissimi

142 514 203 577 viri
227 513 413 578 orationem.

623 653 671 718 Ἦ
732 678 733 683 1

142 748 255 831 Fdlsum
274 792 346 842 esse,
370 776 446 843 quod
465 776 578 831 Verrius
597 775 714 830 Flaccus
733 776 762 829 in
780 775 854 829 libro
874 775 1013 845 secundo,
1038 793 1108 846 quos
1126 775 1155 828 de
1174 788 1184 828 1

177 847 303 986 ngqqririts
321 847 359 902 Μ.
377 846 491 901 Catonis
510 847 679 917 composuit,
698 847 733 901 de
752 864 829 901 servo
848 847 1003 916 recepticio
1026 849 1156 917 scriptum

117 1063 131 1111 1
208 1045 250 1110 M.
270 1044 363 1111 Oato
381 1045 591 1110 Voconiam
614 1047 736 1131 legem
760 1045 922 1110 suadens
944 1046 1057 1110 verbis
1076 1046 1155 1110 hisee

141 1157 219 1199 usus
252 1137 300 1199 est
328 1134 495 1218 (XXXII
513 1140 532 1199 1
555 1135 615 1218 J.):
647 1134 845 1218 Principio
877 1135 991 1199 vobis
1024 1135 1155 1199 mulier

142 1245 315 1309 magnam
339 1224 465 1288 dotem
488 1224 643 1307 adtulit3
666 1228 745 1288 tum
764 1245 936 1309 magnam
957 1225 1155 1307 pecuniam
1166 1246 1183 1287 11

141 1314 296 1396 recipit,
319 1334 430 1395 quam
451 1314 490 1376 in
507 1313 581 1377 viri
599 1315 832 1396 potestatem
850 1334 927 1377 non
946 1313 1156 1394 committit,

143 1425 222 1467 eam
254 1402 453 1484 pecuniam
486 1403 568 1466 viro
601 1406 768 1465 mutuam
800 1402 877 1486 dat;
911 1406 1068 1486 postea,
1098 1401 1155 1466 ubi

143 1492 241 1554 irata
263 1490 367 1554 facta
390 1495 461 1573 est,
490 1512 639 1555 servum
662 1491 913 1575 recepticium
938 1492 1088 1556 sectari
1109 1495 1156 1555 at-

144 1601 214 1663 que
237 1579 421 1664 flagitare
443 1579 566 1643 virum
589 1580 705 1644 iubet.

117 1686 132 1732 2
211 1667 438 1751 Quaerebam,
452 1690 583 1732 servus
597 1668 830 1751 recepticius
846 1667 925 1750 quid
938 1673 1035 1733 esset.
1074 1667 1183 1732 Libris

143 1756 252 1820 statim
282 1757 418 1840 quaesiti
445 1757 598 1839 allatique
624 1761 699 1822 sunt
721 1755 849 1822 Verrii
872 1755 1006 1822 Flacci
1031 1758 1076 1822 de
1099 1757 1155 1822 ob·

143 1845 266 1910 scuris
299 1842 465 1910 Catonis.
515 1843 554 1909 In
585 1845 686 1910 libro
719 1845 883 1910 secundo
912 1853 958 1929 (p.
982 1846 1080 1912 XVI
1098 1845 1155 1928 M.)

143 1936 299 2018 scriptum
331 1939 363 1999 et
394 1935 560 1999 inventum
593 1939 642 2000 est
674 1934 893 2019 ‘recepticium
925 1936 1072 2000 servum'
1100 1935 1155 2000 dici

142 2046 280 2107 nequam
308 2028 341 2088 et
367 2025 449 2087 nulli
476 2023 585 2107 pretii,
613 2024 682 2107 qui,
710 2045 784 2088 cum
806 2046 924 2088 venum
949 2029 1037 2089 esset
1062 2025 1155 2105 datus,

117 2113 320 2178 aredhibitus
349 2113 390 2178 ob
418 2112 550 2195 aliquod
571 2113 687 2177 vitium
709 2116 920 2197 receptusque
943 2112 996 2177 sit.
1045 2113 1184 2196 Prope

143 2207 254 2273 terea¹
283 2203 389 2285 inquit
421 2224 552 2266 servus
585 2202 772 2266 eiusmodi
804 2202 947 2265 sectari
979 2205 1155 2267 maritum

143 2295 180 2355 et
215 2290 399 2376 flagitare
435 2291 636 2375 pecuniam
668 2290 887 2373 iubebatur,
922 2294 966 2354 ut
998 2314 1045 2357 eo
1078 2293 1155 2376 ipso

144 2379 254 2444 dolor
280 2380 401 2442 maior
428 2384 465 2444 et
488 2380 722 2445 contumelia
745 2381 899 2465 gravior
920 2380 1008 2445 viro
1033 2381 1156 2461 fieret,

144 2469 243 2550 quod
262 2490 344 2531 eum
363 2489 494 2533 servus
511 2469 629 2533 nihili
644 2469 830 2553 petendae
844 2469 1035 2553 pecuniae
1050 2490 1156 2536 causa

144 2557 391 2639 conpelleret.
1166 2576 1184 2618 11

117 2662 134 2709 4
212 2643 293 2709 Cum
325 2665 403 2729 pace
434 2650 542 2711 autem
575 2668 711 2730 cumque
741 2647 835 2710 venia
864 2646 1018 2730 istorum,
1053 2649 1082 2713 si
1107 2646 1156 2730 qui

144 2738 228 2817 suut,
251 2735 307 2816 qui
325 2733 454 2799 Verrii
472 2734 601 2800 Flacci
624 2737 814 2800 auctoritate
832 2735 1016 2819 capiuntur,
1041 2737 1155 2801 dictum

144 3012 171 3067 V
185 2949 234 3068 6511
249 2943 300 3068 123,
316 2949 331 2997 8
424 2949 522 3032 Ι8111111.
542 2946 615 2999 Fest.
630 2964 657 3015 p.
674 2950 734 3013 282,
749 2951 783 2998 24
801 2945 872 2998 Non.
887 2944 901 3001 I
914 2963 941 3014 p.
959 2953 1003 3015 54,
1020 2953 1084 3000 6=
1094 2945 1155 3001 cci

238 3057 245 3082 2

216 3198 230 3245 1
247 3193 344 3248 inlatis
358 3193 392 3252 θ’
411 3193 509 3248 inlutis
522 3199 600 3247 11οΧ
613 3197 623 3264 i
637 3194 731 3266 aviri]
746 3193 866 3248 hominis
879 3213 900 3264 y
913 3196 923 3263 ΙΙ
937 3199 953 3249 ὅ
969 3195 1109 3251 librorum
1122 3213 1137 3255 ς
1150 3195 1153 3266 Ι

144 3264 219 3332 quod
233 3265 297 3318 (1111
311 3268 320 3335 i
334 3271 349 3319 6
363 3268 476 3333 recepto
491 3270 512 3325 Q
530 3265 597 3334 -ptii
611 3270 629 3317 z
648 3265 721 3335 -ptio
735 3272 760 3317 X
778 3266 870 3336 -ptiuo
884 3265 952 3319 llx²
966 3269 975 3336 ΙΙ
992 3274 1027 3321 10
1043 3286 1107 3322 cum
1120 3268 1155 3335 21

145 3342 176 3390 11
192 3337 300 3404 recepit
315 3339 349 3390 Π
351 3342 369 3388 Ζ
386 3340 389 3407 Ι
406 3337 555 3390 committat
569 3341 590 3395 Q
604 3337 613 3405 ΙΙ
627 3342 661 3389 12
674 3336 725 3390 ubi
738 3340 856 3406 repleo
872 3337 929 3390 nisi
942 3341 1009 3392 rata
1024 3345 1043 3392 Ζ
1058 3342 1067 3410 ll
1083 3347 1114 3393 14
1126 3355 1155 3392 nc

144 3409 250 3462 adimas
267 3407 294 3461 fl.
311 3407 419 3480 (aera)
438 3409 480 3463 ael
492 3407 608 3480 (eam),
626 3410 675 3476 cfr.
696 3409 803 3475 Usener,
818 3409 892 3462 Mus.
910 3410 1000 3464 Rhea.
1015 3413 1095 3467 LVI
1105 3415 1136 3466 11
1152 3408 1156 3479 Ι

84 3537 86 3540 ,
139 3485 177 3531 18
190 3479 233 3548 et]
247 3482 267 3537 Q
281 3496 331 3535 om.
347 3499 369 3533 ω
380 3481 392 3550 d
407 3484 440 3533 19
455 3479 530 3550 quod
544 3485 562 3531 Ζ
576 3481 586 3549 ll
600 3485 633 3532 22
647 3479 799 3533 uidebatur
811 3485 858 3532 liz
872 3481 1061 3551 {124ni(c)hil
1075 3481 1136 3538 «51¹

75 3552 163 3652 ub
182 3550 363 3619 compelleret
376 3553 403 3608 δ
