2438 3878
509 189 588 245 XVII
603 195 619 244 6
1004 191 1067 256 201

56 354 120 419 hoc
157 356 206 419 sit.
261 354 465 438 Recepticius
498 355 583 419 enim
616 377 725 418 servus
758 355 792 418 in
824 377 861 419 ea
892 377 940 438 re,
977 377 1073 438 quem
1101 373 1117 421 5

57 443 136 508 dicit
161 443 267 526 Cato,
290 445 378 508 aliud
402 445 532 508 omniuo
557 448 614 527 est,
638 466 734 527 quam
752 442 913 508 Verrius
937 445 1072 527 scripsit.

56 530 166 617 Atque
195 533 227 596 id
254 531 355 598 cuivis
382 533 477 597 facile
500 534 667 598 intellectu
690 535 751 616 est,
777 555 828 597 res
852 533 938 597 enim
960 534 1074 617 procul
1092 540 1118 598 'o

59 622 157 686 dubio
177 622 224 687 sic
242 625 303 687 est:
327 621 455 704 quando
474 623 590 686 mulier
608 623 716 686 dotem
735 622 850 686 marito
870 622 975 705 dabat,
995 626 1075 705 tum,

30 733 142 794 aquae
165 733 204 775 ex
228 712 294 775 suis
317 711 411 775 bonis
433 711 593 775 retinebat
614 732 718 793 neque
738 711 900 774 advirum
919 712 1075 775 tramitte-

59 800 129 882 bat,
161 822 198 863 ea
231 800 393 884 ‘recipere'
427 800 606 884 dicebatur,
636 800 732 864 sicuti
762 821 848 864 nuno
881 821 1009 883 quoque
1025 799 1027 806 ’
1043 801 1075 864 in

57 889 297 954 venditionibus
324 889 446 973 ‘recipi'
467 890 626 969 dicuntur,
649 909 731 971 quae
750 889 954 973 excipiuntur
971 911 1074 973 neque

57 982 206 1042 veneunt.
249 976 319 1054 Quo
342 978 440 1042 verbo
464 977 625 1042 Plautus
649 999 778 1060 quoque
800 977 835 1041 in
853 977 1073 1042 Trinummo
1103 995 1118 1043 ἰ

58 1089 136 1131 usus
160 1071 209 1131 est
231 1068 266 1132 in
287 1065 351 1131 hoc
373 1089 467 1132 versu
492 1067 639 1151 (v.194):

17 1217 46 1257 ro
100 1191 342 1274 'posticulum
370 1192 442 1256 hoo
468 1191 623 1275 recipit,
651 1211 741 1258 cum,
761 1191 864 1255 aedis
887 1191 1074 1274 vendidit,

57 1315 92 1379 id
115 1319 176 1379 est:
201 1335 274 1379 cum
297 1317 385 1380 aedis
406 1316 564 1398 vendidit,
586 1317 776 1398 particulam
801 1315 970 1399 quendam,
994 1337 1075 1398 quae

58 1409 134 1487 post
161 1427 214 1468 eas
243 1404 329 1468 aedis
357 1408 438 1488 erat,
465 1426 531 1470 non
553 1405 710 1488 vendidit,
738 1404 793 1468 sed
815 1405 955 1469 retinuit.
1001 1402 1075 1486 Ipse
1102 1419 1119 1468 a

58 1494 157 1558 etiam
181 1492 274 1557 Cato
302 1495 469 1558 mulierem
493 1495 710 1559 demonstrare
732 1494 927 1576 locupletem
949 1494 1074 1557 volens:

58 1583 198 1646 mulier
221 1583 328 1665 inquit
351 1587 388 1647 et
410 1605 583 1668 magnam
607 1583 732 1646 dotem
756 1583 820 1645 dat
843 1586 880 1646 et
902 1603 1075 1667 magnam

15 1672 260 1754 rapecuniem
288 1672 442 1756 recipit,
469 1672 532 1736 hoc
559 1676 619 1736 est:
648 1676 681 1735 et
707 1693 856 1757 magnam
885 1672 993 1735 dotem
1021 1672 1076 1735 dat

59 1764 94 1823 et
120 1782 270 1846 magnam
297 1762 467 1843 pecuniam
494 1761 618 1825 retinet.
663 1759 715 1824 Ex
743 1782 780 1824 ea
806 1761 906 1845 igitur
926 1783 961 1824 re
984 1760 1075 1824 fami·
1088 1778 1118 1825 49

57 1849 145 1931 liari,
182 1871 279 1932 quam
316 1849 379 1914 sibi
411 1850 485 1914 dote
517 1849 590 1914 data
621 1850 768 1932 retinuit,
803 1850 972 1933 pecuniam
1004 1850 1074 1913 viro

58 1941 206 2001 mutuam
240 1938 303 2002 dat.
357 1937 439 2002 Eam
471 1940 640 2022 pecuniam
673 1958 746 2002 cum
777 1939 847 2001 viro
879 1939 962 2002 forte
994 1939 1120 2004 irata10

58 2031 204 2110 repetere
244 2027 400 2110 instituit,
440 2027 574 2110 adponit
615 2027 644 2091 ei
684 2027 899 2112 flagitatorem
937 2027 1075 2091 ‘servum

14 2142 44 2182 ao
58 2115 288 2200 recepticium',
319 2117 382 2180 hoc
414 2121 463 2180 est
490 2117 658 2201 proprium
685 2137 812 2180 servum
840 2137 947 2198 suum,
980 2137 1075 2198 quem

60 2225 135 2268 cum
158 2206 294 2288 pecunia
315 2206 441 2288 reliqua
461 2209 625 2288 receperat
647 2226 752 2288 neque
773 2204 902 2268 dederat
921 2204 998 2287 doti,
1021 2205 1076 2268 sed

58 2293 248 2378 retinuerat3
275 2315 342 2358 non
369 2295 455 2359 enim
483 2315 574 2358 servo
602 2293 711 2358 mariti
738 2295 895 2377 imperare
922 2294 985 2357 hoc
1007 2315 1075 2356 mu-

57 2383 171 2447 lierem
194 2382 244 2447 fas
267 2387 348 2468 erat,
371 2383 426 2447 sed
448 2383 580 2467 proprio
604 2403 671 2448 suo.

127 2470 225 2535 Plura
257 2471 374 2555 dicere,
411 2473 527 2554 quibus
559 2474 622 2537 hoc
653 2475 799 2536 nostrum
831 2475 935 2555 tuear,
968 2489 1118 2555 super-11

13 2586 42 2628 as
58 2560 169 2624 sedeo:
200 2561 272 2644 ipsa
301 2562 387 2625 enim
415 2564 490 2624 sunt
517 2584 575 2644 per
601 2583 669 2625 sese
697 2561 856 2625 evidentia
883 2565 916 2624 et
943 2559 1027 2644 quod
1057 2583 1076 2623 a

58 2648 197 2713 Verrio
222 2649 339 2714 dicitnr
362 2653 394 2714 et
416 2672 435 2714 a
455 2649 563 2734 nobis,
587 2650 673 2733 quod
691 2653 799 2713 utrum
819 2671 896 2735 ergo
915 2650 1076 2714 videbitur

58 2739 176 2820 cuique
199 2739 319 2822 verius,
343 2761 380 2803 eo
404 2742 521 2803 utatur.

59 2875 276 2882 ——-————-——-

131 2953 218 3017 8sqq.
236 2948 308 3004 Non.
323 2949 341 3002 L
356 2948 376 3005 l.
391 2951 420 3003 et
432 2947 471 3002 IV
486 2954 548 3015 384,
564 2954 596 3001 12

132 3149 147 3196 6
161 3144 317 3214 reciperare
332 3165 353 3196 ω
367 3161 435 3199 corr.
451 3161 466 3197 σ
480 3146 489 3214 ll
503 3148 518 3196 7
533 3159 589 3198 rec.
605 3143 671 3214 dic]
686 3145 709 3198 δ
728 3143 860 3197 dicuntur
874 3150 899 3196 x
910 3160 960 3198 om.
970 3147 1056 3198 11οΠ
1066 3144 1076 3215 ll

59 3221 94 3270 10
112 3216 220 3284 recepit
236 3216 312 3270 codd.
328 3216 427 3269 Plauti
435 3222 547 3284 praeter
560 3215 656 3269 Ambe.
671 3222 696 3270 et
709 3215 800 3269 Nonii
809 3232 839 3283 p.
855 3219 907 3269 384
923 3216 927 3284 Ι
943 3214 1076 3269 venderet

56 3288 136 3342 Noa.
147 3303 178 3355 p.
193 3291 246 3341 384
260 3289 269 3356 ΙΙ
284 3293 316 3341 15
335 3287 437 3356 recipit
454 3318 490 3326 -
510 3292 543 3340 16
561 3301 694 3355 magnam
711 3285 861 3355 pecuniam
876 3302 925 3340 om.
941 3287 964 3340 δ
978 3287 1052 3340 Non.
1066 3285 1069 3355 Ι

58 3363 92 3412 1⁷
108 3358 260 3426 pecuniam
274 3390 307 3398 -
325 3363 357 3410 18
372 3374 434 3412 eam
448 3375 498 3412 om.
509 3358 585 3412 codd.
597 3359 670 3412 Noa.
686 3360 695 3426 l
710 3361 743 3409 18
758 3357 832 3427 cum]
849 3357 950 3410 aNoo.
964 3359 974 3426 ΙΙ
989 3362 1021 3410 19
1037 3356 1062 3410 ei

56 3431 135 3484 Noa.
151 3432 180 3483 et
193 3431 216 3484 δ
230 3446 280 3484 om.
295 3448 315 3500 γ
328 3431 337 3499 ΙΙ
352 3433 384 3482 19
399 3436 425 3484 et
439 3435 472 3482 20
487 3445 596 3483 servum
606 3445 656 3483 om.
667 3430 741 3483 Noa.
756 3431 811 3498 1121
828 3427 854 3481 d.
870 3430 914 3481 set
927 3431 1086 3493 exceperat

56 3502 135 3556 Noa.
155 3502 164 3570 ΙΙ
183 3507 217 3554 26
238 3501 314 3571 quod
333 3517 350 3554 a
369 3500 457 3555 nobis.
482 3499 583 3555 Vtrum
602 3500 664 3557 edd.
683 3507 748 3557 cett.
774 3499 864 3554 uobis
882 3497 980 3565 quous
999 3497 1109 3545 utum

57 3573 233 3641 dietBootjl
244 3577 280 3624 27
297 3589 406 3643 cunque
419 3573 493 3631 JG-r.
1083 3587 1085 3589 ’
