2438 3878
141 186 185 252 40
602 156 687 238 xus

97 368 128 416 11
208 347 270 414 Sed
302 369 359 414 cur
390 351 500 413 eontra
531 349 731 412 voluntatem
763 369 853 412 suam
881 349 1019 434 gemitus
1046 349 1157 416 facere

141 439 268 524 cogitur
298 437 511 522 philosophus
539 435 680 520 Stoicus,
713 458 808 520 quem
839 437 922 501 nihil
954 438 1026 522 cogi
1056 460 1156 522 posse

127 529 271 594 dicunt?
315 525 407 592 Nihil
435 549 510 591 sane
536 530 645 611 potest
671 527 744 611 cogi
766 527 816 590 vir
838 527 978 610 sapiens,
1006 548 1080 591 cum
1104 532 1156 592 est

139 618 256 682 rationi
280 617 470 682 obtinendae
492 617 595 680 locus:
620 636 692 679 cum
715 636 790 679 vero
813 618 928 679 natura
949 616 1044 700 cogit,
1068 615 1155 682 ratio

140 729 268 791 quoque
291 728 310 770 a
332 710 446 770 natura
469 705 542 769 data
565 704 700 791 cogitur.
742 702 864 779 Quaere
887 705 993 787 etiam,
1017 706 1044 768 si
1065 706 1155 772 vide·
1181 731 1193 774 s

139 801 201 879 tur,
224 817 281 860 our
303 816 400 858 manu
422 794 557 859 alicuius
581 794 621 858 ob
647 794 756 857 oculos
780 814 854 857 suos
876 798 1008 878 repente
1029 796 1155 880 agitata

139 885 260 950 invitus
293 884 452 966 coniveat,
484 904 541 948 our
571 883 716 969 fulgente
744 883 831 947 caelo
859 905 878 946 a
905 883 1036 946 luminis
1064 885 1154 949 iactu

139 996 205 1038 non
230 995 288 1037 sua
311 976 424 1056 sponte
447 977 480 1037 et
502 976 599 1056 caput
622 976 655 1036 et
678 972 788 1036 oculos
811 971 961 1054 declinet,
990 993 1047 1036 cur
1069 977 1155 1038 toni-

138 1066 192 1127 tru
231 1062 451 1127 vehementius
492 1062 577 1126 facto
619 1064 781 1146 pavescat,
827 1081 883 1124 cur
923 1064 1154 1126 sternumentis

139 1152 315 1235 quatiatur,
347 1171 403 1216 cur
434 1155 490 1215 aut
521 1151 556 1214 in
583 1151 750 1215 ardoribus
778 1151 855 1214 solis
883 1154 1006 1215 aestuet
1034 1156 1091 1216 aut
1118 1154 1154 1216 in
1168 1178 1194 1218 ro

96 1257 129 1306 12
139 1241 263 1326 pruinis
287 1241 469 1305 inmanibus
494 1240 682 1326 obrigescat.
725 1237 813 1303 Haec
836 1240 921 1303 enim
945 1244 982 1323 et
999 1241 1155 1324 pleraque

140 1331 203 1395 alia
229 1352 296 1394 non
321 1331 471 1394 voluntas
496 1349 557 1393 nec
579 1329 749 1394 consilium
772 1348 832 1393 nec
853 1329 935 1392 ratio
959 1330 1155 1414 moderatur,

140 1424 188 1484 set
210 1424 343 1484 naturae
365 1416 627 1500 necessitatisque
651 1417 777 1482 decreta
800 1421 882 1481 sunt.

96 1525 130 1576 13
206 1506 375 1572 Fortitudo
408 1511 515 1570 autem
546 1527 613 1570 non
643 1511 723 1589 east,
756 1527 837 1589 quae
865 1510 976 1570 contra
1002 1512 1154 1571 naturam

139 1597 275 1661 monstri
302 1597 403 1660 vicem
431 1596 545 1658 nititur
571 1597 720 1677 ultraque
742 1596 873 1659 modum
897 1596 965 1659 eius
989 1597 1154 1681 egreditur
1169 1623 1192 1663 a

139 1690 196 1750 aut
223 1689 353 1769 stupore
380 1685 479 1748 animi
505 1688 562 1748 aut
584 1685 773 1748 inmanitate
796 1688 852 1748 aut
876 1686 1012 1767 quadam
1036 1687 1157 1750 misera

111 1819 113 1823 .
140 1778 172 1839 et
202 1773 381 1838 necessaria
411 1774 446 1837 in
476 1773 691 1857 perpetiendis
724 1773 888 1838 doloribus
916 1775 1154 1859 exercitatione,

140 1862 268 1946 qualem
290 1862 390 1926 fuisse
413 1862 594 1946 accepimus
617 1863 721 1927 ferum
744 1863 904 1944 quendam
926 1863 961 1927 in
978 1864 1055 1927 ludo
1077 1863 1155 1929 Cae

140 1947 219 2018 saris
251 1951 474 2037 gladiatorem,
507 1952 576 2035 qui,
608 1971 680 2016 cum
712 1953 844 2015 vulnera
876 1952 943 2015 eius
973 1974 992 2016 a
1019 1954 1154 2018 medicis

140 2041 378 2123 exsecabantur,
400 2041 502 2105 ridere
525 2041 640 2105 solitus
663 2040 739 2125 fuit3
763 2041 818 2104 sed
841 2063 878 2104 ea
900 2063 975 2104 vera
998 2045 1030 2105 et
1048 2043 1153 2125 proba
1168 2069 1193 2108 ao

139 2127 340 2212 fortitudost,
368 2151 465 2212 quam
493 2130 629 2195 maiores
656 2130 759 2194 nostri
785 2130 950 2194 scientiam
973 2151 1042 2194 esse
1066 2130 1155 2195 dixe

97 2224 216 2284 14nmt
243 2241 350 2283 rerum
377 2219 615 2283 tolerandarum
643 2222 676 2283 et
701 2240 768 2282 non
794 2220 1040 2283 tolerandarum.
1091 2220 1155 2285 Per

141 2307 227 2392 quod
263 2311 396 2390 apparet
431 2330 499 2372 esse
532 2309 687 2391 quaedam
719 2308 947 2390 intolerabilia,
983 2330 1002 2371 a
1033 2310 1154 2390 quibus

139 2396 240 2461 fortes
271 2397 332 2460 viri
364 2400 420 2460 aut
450 2396 605 2461 obeundis
632 2396 826 2461 abhorreant
852 2402 908 2462 aut
935 2398 1152 2462 sustinendis?

97 2501 130 2552 15
208 2482 288 2549 Cum
310 2490 387 2549 haec
405 2485 551 2550 Taurus
575 2485 708 2550 dixisset
725 2486 948 2570 videreturque
966 2487 1001 2549 in
1019 2488 1154 2552 eandem
1169 2514 1193 2554 aa

139 2595 207 2639 rem
230 2575 323 2658 plura
346 2575 442 2638 etiam
466 2575 623 2656 diotrrus,
649 2579 838 2657 perventum
862 2579 911 2639 est
933 2575 974 2638 ad
996 2575 1154 2661 vehicula,

141 2667 173 2728 et
195 2664 444 2727 conscendimus.
562 2713 565 2716 .

144 2898 145 2902 ’
212 2897 245 2944 21
266 2890 320 2945 Cio.
337 2890 415 2944 Tusc.
431 2887 470 2943 IV
484 2895 526 2957 24,
541 2895 575 2943 53
593 2889 738 2945 Iamblich.
753 2891 802 2946 vit.
816 2890 897 2960 Pyth.
914 2896 946 2946 31
963 2895 1036 2963 (190)

213 3109 228 3157 5
252 3117 339 3170 quare
357 3104 492 3156 azollx
510 3105 519 3172 ΙΙ
538 3107 553 3156 6
578 3103 614 3157 ab
634 3108 653 3155 ⁰
676 3104 713 3157 ad
731 3102 913 3174 no²llxq7
932 3104 1088 3175 fulgentem
1108 3109 1131 3162 d
1144 3109 1155 3181 ll

140 3180 157 3241 9
175 3175 263 3245 facto]
283 3178 304 3233 Q
326 3172 433 3227 factum
452 3173 486 3233 α’
508 3174 598 3229 factor
617 3174 671 3228 sim
689 3179 732 3227 ΒΖ
755 3174 831 3229 facto
851 3176 954 3230 sensim
972 3196 992 3247 γ
1010 3179 1083 3232 cade
1101 3178 1154 3232 im-

140 3246 272 3314 paveseat
291 3247 332 3314 (at
349 3246 525 3315 intremesco)
545 3245 588 3301 Sir.
612 3248 622 3316 l
646 3251 679 3299 10
703 3247 802 3300 ardore
822 3248 857 3300 11
876 3249 885 3316 [1
909 3253 940 3300 11
964 3249 1014 3301 aut
1031 3249 1154 3304 inmani-

139 3316 192 3371 bus
202 3321 219 3367 Ζ
231 3316 235 3388 l
247 3316 351 3370 etenim
361 3316 434 3370 0¹11
444 3318 454 3387 ss
469 3315 703 3372 15uiee0110m.
715 3322 736 3377 o
749 3319 758 3386 ΙΙ
774 3321 806 3370 18
817 3316 890 3391 <Ο.>
901 3317 1027 3374 Caesaris
1037 3322 1155 3446 opinorql

141 3392 174 3440 22
194 3389 223 3441 et
240 3403 296 3441 non
313 3390 334 3442 t.
354 3404 403 3443 om.
424 3389 474 3459 dl
492 3393 526 3443 23
544 3387 738 3458 told)erabilia
756 3389 779 3442 d
795 3387 799 3459 Ι
816 3404 833 3442 a
851 3406 901 3444 om.
917 3409 936 3460 γ
954 3393 963 3460 ΙΙ
982 3397 1015 3445 25
1033 3392 1139 3446 uidisse

141 3457 294 3537 sustinetur
312 3464 406 3532 qupx
