2438 3878
135 168 179 232 64
556 169 620 224 ΧΙΠ
638 176 667 236 9;
688 175 720 223 10

133 331 245 415 eccas,
277 355 296 396 a
326 333 420 397 nobis
451 333 556 416 primo
590 333 734 417 ‘syades',
766 333 878 398 deinde
909 333 1061 399 ‘sucidae’
1092 357 1150 420 ap-

133 422 278 505 pellatae.

108 529 124 578 c
202 508 320 575 Stellae
349 515 456 575 autem
484 512 563 575 istae
590 532 657 575 non
683 512 718 575 in
745 511 849 594 capite
876 512 960 575 tauri
987 515 1078 596 sunt,
1110 517 1150 577 ut

133 597 222 662 'l'iro
246 599 323 664 dicit
344 636 386 646 -
404 601 530 664 nullum
554 601 639 664 enirn
662 599 787 665 videtur
809 603 1010 684 praetereas
1033 603 1148 667 stellas

132 689 217 752 tauri
236 691 332 772 caput
350 726 402 771 —‚
421 692 469 752 set
486 688 546 752 hae
565 690 610 753 ita
629 688 757 771 circulo,
776 690 832 771 qui
851 689 998 753 zodiacus
1018 689 1148 774 dicitur,
1173 716 1184 756 s

134 777 213 841 sitae
231 778 416 859 locataeque
435 781 519 860 sunt,
541 782 578 842 ut
596 799 635 842 ex
654 799 763 841 earum
781 778 889 861 positu
907 779 1029 862 species
1048 800 1147 862 quae·

133 866 206 929 dam
234 869 266 929 et
293 866 498 930 simulacrum
527 887 595 931 esse
619 866 765 931 videatur
785 867 870 931 tauri
893 867 1021 951 capitis,
1048 868 1148 933 sicuti

134 958 255 1018 ceterae
287 958 393 1039 partes
424 959 457 1020 et
487 957 611 1038 reliqua
638 956 744 1040 imago
772 956 856 1019 tauri
884 957 1086 1021 conformata
1114 961 1147 1022 et

134 1044 225 1125 quasi
249 1044 374 1128 depicta
396 1049 445 1109 est
466 1044 546 1110 locis
569 1045 817 1130 regionibusque
841 1067 949 1109 earum
968 1046 1146 1130 stellarum,

134 1154 212 1215 quas
236 1130 347 1199 Graeci
369 1133 538 1216 adeloldus,
560 1155 619 1198 nos
643 1133 816 1220 ‘vergilias'
839 1154 998 1198 vocamus.
1159 1160 1181 1202 u

623 1310 653 1375 X

133 1429 208 1495 Quid
236 1431 358 1485 ‘sororis’
388 1432 488 1502 ἔτυμον
516 1448 575 1486 esse
604 1432 706 1486 dixerit
732 1431 825 1487 Labeo
849 1431 988 1486 Antistius
1018 1436 1047 1486 et
1076 1435 1147 1505 quid

169 1501 287 1556 ‘fratris'
308 1501 337 1556 P.
352 1502 492 1572 Nigidius.

107 1648 120 1695 1
198 1628 322 1693 Labeo
341 1628 536 1695 Antistius
559 1631 638 1695 iuris
661 1631 789 1714 quidem
813 1631 916 1695 civilis
938 1631 1145 1716 disciplinam

131 1719 301 1802 principali
337 1719 443 1783 studio
480 1720 621 1784 exercuit
657 1723 689 1784 et
725 1719 965 1783 consulentibus
1002 1721 1042 1784 de
1075 1723 1177 1787 iures

131 1807 260 1891 publice
285 1808 526 1892 responsitavit3
553 1813 729 1873 ceterarum
756 1828 884 1891 quoque
911 1808 1071 1874 bonarum
1097 1834 1145 1875 ar·

130 1897 212 1960 tium
239 1918 306 1961 non
332 1919 445 1981 expers
473 1898 535 1962 fuit
563 1902 595 1962 et
621 1898 656 1962 in
683 1897 924 1982 grammaticam
951 1919 1020 1962 sese
1045 1904 1144 1984 atque
1218 1937 1219 1940 κ

131 1985 329 2050 dialecticam
365 1986 552 2070 litterasque
588 1986 783 2070 antiquiores
820 1987 1012 2070 altioresque
1047 2010 1144 2072 pene-

129 2077 269 2139 traverat
309 2074 558 2158 Latinarumque
600 2097 715 2140 vocum
757 2075 895 2160 origines
936 2076 1143 2162 rationesque

129 2165 340 2247 percalluerat
377 2186 476 2248 eaque
511 2164 682 2250 praecipue
718 2165 851 2228 scientia
885 2164 924 2226 ad
957 2165 1142 2231 enodandos
1155 2190 1176 2231 a

104 2253 300 2336 eplerosque
323 2253 401 2319 iuris
423 2255 555 2338 laqueos
576 2253 734 2318 utebatur.
776 2251 858 2317 Sunt
876 2253 954 2316 adeo
972 2253 1049 2318 libri
1068 2260 1144 2340 post

130 2345 267 2405 mortem
308 2342 375 2406 eius
416 2343 507 2427 editi,
548 2343 604 2426 qui
640 2342 876 2427 posteriores
913 2342 1142 2427 inscribuntur,

131 2451 268 2513 quorum
294 2431 451 2496 librorum
478 2436 543 2496 tres
567 2431 723 2512 continui,
750 2431 929 2494 tricesimus
953 2436 1088 2496 octavus
1111 2437 1142 2498 et

129 2519 309 2583 tricesimus
337 2542 440 2585 nonus
466 2525 499 2585 et
522 2519 795 2605 quadragesimus,
823 2519 910 2603 pleni
933 2520 1066 2584 suntid
1090 2544 1142 2608 ge

129 2629 190 2671 nus
221 2630 327 2672 rerum
359 2610 396 2673 ad
431 2609 638 2674 enarrandam
670 2612 702 2672 et
732 2607 964 2672 inlustrandam
993 2609 1140 2694 linguam
1153 2633 1174 2674 ss

104 2695 277 2761 eLatinam
301 2698 555 2762 conducentium.
596 2697 763 2762 Praeterea
785 2697 818 2761 in
841 2697 968 2779 libris,
991 2718 1074 2781 quos
1097 2699 1141 2764 ad

129 2787 320 2869 praetoris
357 2787 523 2851 edictum
559 2786 700 2871 scripsit,
738 2786 840 2850 multa
875 2786 985 2869 posuit
1021 2790 1141 2871 partim

129 2874 234 2959 lepide
262 2879 358 2958 atque
383 2880 495 2961 argute
516 2878 650 2960 reperta.
697 2873 799 2939 Sicuti
821 2875 883 2938 hoc
906 2878 968 2956 est,
996 2878 1085 2958 quod
1108 2880 1141 2942 in

129 2967 265 3046 quarto
285 2964 330 3028 ad
348 2964 513 3029 edictum
531 2964 632 3030 libro
651 2964 806 3047 scriptum
824 2963 962 3047 legimus
978 2964 1032 3046 (fr.
1042 2965 1140 3031 2611

128 3052 253 3135 2Br.):
281 3050 420 3139 ‘Soror'
448 3054 554 3138 inquit
581 3054 776 3139 appellata
803 3056 873 3136 est,
901 3053 1002 3135 quod
1029 3055 1174 3138 quasia

130 3177 343 3187 ...ῳ-

201 3252 234 3300 10
253 3246 302 3301 cfr.
317 3246 354 3299 ad
367 3245 406 3300 III
420 3252 462 3314 10,
477 3252 493 3300 2
580 3252 613 3301 28
624 3263 683 3314 sqq.
702 3243 772 3298 Non.
787 3243 841 3313 lp.
857 3250 899 3313 52,
915 3249 928 3298 1
949 3243 992 3298 cl.
1007 3246 1092 3303 Reiff.
1108 3255 1141 3304 42

200 3407 297 3476 te(a)e
306 3407 363 3461 20¹
376 3422 445 3462 aeae
454 3413 478 3460 n
492 3407 590 3461 eadem
600 3407 662 3460 orl
670 3409 681 3476 ΙΙ
696 3409 728 3459 12
739 3403 826 3476 Quid]
836 3409 854 3457 z
864 3403 940 3474 quod
949 3424 971 3456 ω
987 3405 992 3476 Ι
1009 3409 1089 3476 quod
1098 3431 1121 3466 ω
1132 3409 1143 3482 ll

129 3481 162 3530 13
179 3495 200 3547 p
216 3482 237 3537 α
254 3496 305 3535 om·
319 3498 341 3533 ω
358 3481 368 3550 l
388 3485 420 3534 16
439 3495 525 3548 resp.;
544 3477 630 3550 (set)
649 3478 735 3532 Horta
752 3478 762 3545 ΙΙ
780 3481 813 3529 22
833 3475 893 3530 eius
909 3491 959 3530 om.
974 3479 1017 3547 γΙΙ
1032 3485 1067 3534 23
1088 3484 1141 3537 oct

59 3632 70 3645 ι
114 3548 238 3606 oroma
245 3551 266 3617 sl
273 3555 313 3602 27
315 3553 430 3620 partem
439 3550 480 3605 1¹
487 3564 627 3622 perquam
636 3547 915 3606 samosatam
920 3551 963 3613 13,
972 3552 1006 3621 17
1023 3551 1089 3609 VII
1093 3559 1143 3623 9‚1
