2438 3878
160 183 224 249 114
614 181 678 237 XIV
697 189 712 236 2

159 347 258 412 officii
294 347 484 411 tractatibus
522 350 553 410 et
585 368 644 410 nos
676 347 824 430 posthac,
861 367 934 411 cum
967 347 1030 410 erit
1064 346 1178 430 otium,

158 437 275 518 dicere,
298 435 376 519 quid
399 436 587 519 sentiamus,
611 435 799 499 conabimur
822 440 854 499 et
875 439 1050 519 praecepta
1073 434 1178 500 Aelii

157 525 372 590 Tuberonis
396 546 492 608 super
516 524 623 588 officio
647 525 770 608 iudicis,
794 546 876 607 quae
897 525 1085 607 nuperrime
1105 526 1177 610 legi,

113 632 146 680 11
157 614 400 679 recensebimus.
460 612 553 689 Quod
594 617 700 677 autem
742 614 783 678 ad
818 614 987 697 pecuniam
1026 616 1177 697 pertinet,

158 725 255 786 quam
287 703 373 787 apud
405 703 543 766 iudicem
570 702 637 786 peti
665 702 788 786 dixisti,
821 703 938 766 suadeo
966 702 1079 767 hercle
1108 704 1206 786 tibio

156 796 247 856 utare
269 790 313 855 M.
333 790 504 874 Catonis,
527 791 769 875 prudentissimi
792 792 867 874 viri,
891 791 1037 874 consiliu,
1062 793 1178 875 quiin

158 881 346 962 oratione,
370 902 465 963 quam
489 901 556 963 pro
575 880 609 944 L.
630 879 745 944 Turio
770 884 904 945 contra
923 878 984 943 On.
1006 879 1176 946 Gellium

157 970 240 1033 dixit
263 968 332 1052 (LI
345 969 406 1053 J),
434 970 479 1033 ita
507 991 576 1034 esse
603 992 622 1032 a
647 969 823 1035 maioribus
846 969 1002 1034 nuditum
1027 969 1177 1035 observa·

157 1063 290 1140 tumque
316 1059 373 1142 ait,
400 1062 437 1122 ut
461 1059 501 1140 si,
530 1057 616 1141 quod
638 1058 722 1122 inter
745 1059 825 1123 duos
848 1062 954 1123 actum
978 1063 1043 1142 est,
1072 1081 1176 1143 neque

156 1147 274 1212 tabulis
302 1169 406 1230 neque
433 1147 570 1211 testibus
598 1148 730 1229 planum
753 1148 823 1211 fieri
846 1146 965 1231 possit,
992 1152 1066 1212 tum
1093 1149 1176 1233 apud
1187 1173 1204 1214 u

156 1236 309 1318 iudicem,
342 1237 397 1318 qui
429 1237 468 1300 de
500 1258 537 1300 ea
563 1258 597 1300 16
626 1241 846 1321 cognosceret,
878 1241 950 1300 uter
977 1259 1019 1300 ex
1047 1237 1104 1301 his
1131 1240 1176 1302 111

156 1327 270 1389 melior
293 1330 389 1407 esset,
418 1329 623 1408 quaereretur
646 1329 691 1408 et,
719 1326 746 1389 11
769 1348 861 1410 pares
885 1329 991 1389 essent
1016 1347 1077 1390 seu
1102 1327 1175 1391 boni

156 1416 277 1499 pariter
300 1437 356 1477 seu
378 1415 469 1496 mali,
491 1417 561 1477 tum
585 1415 647 1496 illi,
669 1414 754 1478 unde
777 1416 906 1497 petitur,
930 1414 1122 1481 crederetur
1143 1437 1176 1481 ac

112 1501 332 1568 aasecundum
360 1525 434 1566 eum
461 1502 664 1567 iudicaretur.
708 1501 747 1566 In
774 1502 835 1567 hac
862 1509 969 1568 autem
997 1525 1115 1589 causa,
1141 1505 1175 1568 de

156 1613 220 1674 qua
243 1596 279 1655 tu
302 1591 453 1676 ambigis,
482 1592 623 1675 optimus
647 1596 708 1674 est,
736 1593 792 1674 qui
815 1593 910 1676 petit,
933 1593 1021 1656 unde
1044 1594 1200 1677 petitur,s

157 1680 359 1762 deterrimus,
391 1683 423 1743 et
453 1702 504 1744 res
535 1684 584 1744 est
611 1681 695 1745 inter
722 1681 802 1745 duos
829 1685 901 1746 1111
929 1683 998 1746 sine
1027 1684 1173 1749 testibus.

113 1767 221 1835 aenas
245 1769 345 1854 igitur
368 1773 399 1833 et
423 1769 531 1834 credas
555 1769 593 1852 ei,
617 1771 674 1852 qui
697 1771 788 1854 petit,
811 1770 1075 1855 condemnesque
1098 1794 1174 1854 eum,

156 1858 195 1922 de
219 1879 283 1940 quo
306 1858 440 1941 petitur,
468 1858 635 1941 quoniam,
662 1859 757 1924 sicuti
781 1859 873 1942 dicis,
902 1859 965 1922 duo
990 1882 1091 1943 pares
1115 1882 1174 1927 non

156 1950 231 2010 sunt
254 1950 300 2029 et,
323 1947 379 2030 qui
401 1947 497 2031 petit,
520 1947 635 2011 melior
657 1949 725 2012 est'

112 2054 145 2102 14
223 2035 295 2100 Η11
334 2036 463 2118 quidem
501 2036 581 2100 mihi
617 2041 687 2100 tum
723 2035 951 2119 Favorinus,
993 2042 1033 2102 nt
1071 2041 1198 2104 1111111

111 2143 144 2191 25
155 2125 385 2209 philosophum
410 2125 530 2208 decuit,
558 2126 666 2189 suasit.
713 2123 776 2190 Sed
799 2126 902 2208 maius
925 2147 987 2210 ego
1012 2128 1173 2213 altiusque

154 2215 188 2278 id
215 2235 284 2279 esse
307 2213 502 2297 existimavi,
530 2235 625 2296 quam
650 2215 737 2297 quod
760 2236 849 2280 meae
872 2215 971 2278 aetati
995 2220 1032 2279 et
1056 2217 1173 2283 medio

155 2303 262 2368 critati
294 2304 492 2385 conveniret,
523 2307 560 2367 ut
592 2305 781 2388 cognovisse
813 2308 844 2368 et
874 2304 1114 2372 condemnasse
1141 2307 1173 2370 de

154 2390 311 2475 moribus,
339 2413 406 2455 non
433 2391 472 2456 de
498 2391 744 2475 probationibus
766 2392 813 2456 rei
837 2396 945 2477 gestae
967 2394 1117 2480 viderer,
1142 2398 1173 2459 ut

154 2481 354 2545 absolverem
381 2484 503 2563 tamen,
531 2480 680 2545 inducere
707 2482 741 2544 in
769 2482 911 2545 animum
935 2502 1005 2546 non
1030 2487 1126 2568 quivi
1146 2488 1196 2548 ets

154 2572 324 2653 propterea
351 2568 453 2632 iuravi
481 2569 562 2633 mihi
589 2592 655 2634 non
682 2571 805 2652 liquere
832 2575 929 2652 atque
957 2571 1007 2636 ite
1031 2573 1172 2640 iudicatu

154 2657 212 2722 illo
236 2658 361 2721 solutus
385 2679 463 2721 sum.

110 2764 144 2812 11
221 2745 329 2810 Verba
366 2767 406 2810 ex
436 2747 611 2812 oratione
638 2746 681 2810 Μ.
710 2746 881 2830 Catonis,
913 2748 1007 2813 cuius
1038 2773 1171 2817 commo

153 2836 249 2899 minit
276 2834 503 2920 Favorinus,
529 2835 608 2902 haee
636 2840 723 2901 sunt:
753 2835 880 2920 Atque
908 2859 979 2922 ego
1010 2862 1031 2903 1
1061 2843 1171 2907 meio·

152 2925 260 2988 ribus
283 2924 466 2988 memoria
489 2925 544 2989 sio
566 2926 710 3009 accepi:
734 2925 766 2990 si
790 2927 875 3009 quis
897 2927 991 3009 quid
1011 2930 1117 2995 alter
1133 2928 1193 2995 aba

153 3014 277 3078 altero
313 3016 504 3097 peterent,
545 3015 577 3077 si
612 3014 720 3079 ambo
757 3036 868 3098 pares
905 3021 1055 3100 essent,
1100 3020 1169 3084 1111

153 3103 244 3166 boni
268 3102 348 3166 1116
371 3103 462 3165 mali
485 3107 626 3186 essent,
650 3104 749 3185 quod
770 3104 842 3167 duo
861 3124 920 3167 res
940 3109 1168 3189 gessissent,

225 3355 238 3402 7
259 3348 343 3402 Turio
363 3350 504 3418 11111118
524 3364 541 3402 1
559 3348 712 3403 maioribus
731 3349 869 3403 maiorum
886 3369 906 3401 ω
929 3366 947 3403 a
965 3353 1101 3410 moribus
1118 3368 1166 3408 ms·

151 3419 242 3474 iorum
261 3420 318 3489 (1¹)
337 3426 362 3475 11
381 3436 397 3473 1
416 3419 570 3473 maioribus
588 3421 740 3474 memoriae
759 3436 776 3478 ς
794 3423 803 3489 ll
822 3426 855 3474 19
874 3420 934 3489 peti
947 3423 979 3476 o
999 3425 1009 3492 ΙΙ
1029 3430 1065 3478 21
1087 3424 1166 3495 mugil

142 3493 245 3558 Ml
265 3497 301 3544 23
325 3490 506 3561 cognouisset
524 3492 548 3544 δ
568 3492 571 3559 Ι
592 3493 621 3544 61
644 3491 722 3545 cond.
747 3508 797 3545 om.
818 3496 839 3550 Q
860 3493 863 3561 1
885 3495 1120 3552 commendasset
1133 3492 1166 3563 11

127 3560 168 3609 24
187 3559 306 3616 uideret
320 3567 340 3622 Q
353 3567 368 3634 l!
381 3567 414 3617 31
436 3562 475 3638 si]
495 3562 762 3634 11118111111111
777 3562 962 3633 1111111111,
978 3583 1069 3633 nares
1083 3569 1126 3626 St.
