2438 3878
531 210 595 264 XIV
614 217 643 279 33
662 218 679 265 4
1050 171 1112 274 1⁴17

97 394 274 456 cursusque
306 395 416 438 eorum
449 373 489 438 ad
518 374 650 438 eandem
677 375 806 438 virtutis
835 375 954 439 calcem
981 396 1114 458 pergen·

96 463 194 545 tium,
220 463 348 544 quando
372 466 421 527 est
444 484 576 547 compar
598 464 650 527 vel
673 464 853 548 ambiguus,
875 464 910 526 in
933 463 1115 526 aemulandi

97 551 297 634 suspiciones
325 573 392 616 non
420 574 492 635 suo7
525 553 580 617 sed
606 553 784 617 faventium
813 553 932 617 studio·
948 551 1114 615 delabitur.

96 639 237 704 Proinde
270 642 370 725 igitur
401 646 434 706 et
465 641 679 726 Xenophon
711 645 743 706 et
774 639 899 724 Plat0‚
933 638 1113 704 Socraticae
1126 657 1157 705 11

69 755 81 794 a
97 730 303 794 amoenitatis
327 730 390 793 duo
414 731 545 814 lumina,
569 735 690 796 certare
709 732 926 815 aemularique
944 731 1029 794 inter
1047 751 1115 794 sese

98 819 276 882 existimati
309 824 397 901 011110,
429 820 504 901 quia
537 821 575 884 de
607 820 658 884 his
690 819 776 903 apud
807 821 903 902 alios,
933 823 1006 883 uter
1033 823 1116 883 esset

98 909 335 990 exuperantior,
359 908 542 972 certabatur
564 913 596 973 et
620 909 695 992 quia
718 908 799 972 duae
819 909 1018 992 eminentiae,
1042 929 1115 972 cum

99 997 198 1060 simul
226 997 352 1061 iunctae
380 997 412 1060 in
439 996 575 1061 arduum
598 999 759 1081 nituntur,
787 998 992 1061 simulacrum
1017 997 1117 1080 quod-

98 1086 173 1148 dam
199 1087 413 1150 contentionis
437 1088 580 1151 aemulae
604 1088 741 1170 pariunt.

53 1289 83 1329 10
583 1263 632 1327 IV

98 1384 181 1449 Quod
200 1387 266 1453 apte
286 1383 457 1455 Chrysippus
477 1388 506 1439 et
524 1385 685 1456 graphice'
677 1387 831 1455 maginem
847 1385 977 1440 Iustitiae
994 1385 1116 1439 modulis

135 1455 333 1524 coloribusque
351 1456 499 1511 verborum
519 1457 654 1526 depinxit.

170 1583 336 1669 Condigne
362 1583 599 1648 meherculet
567 1588 599 1648 et
622 1586 797 1649 condecore
821 1583 1059 1669 Chrysippus
1083 1587 1116 1648 in
1146 1548 1182 1647 1=

98 1671 304 1754 librorum,
323 1673 380 1756 qui
393 1673 613 1737 inscribuntur
630 1672 719 1758 περὶ
738 1678 860 1740 καλοῦ
878 1673 939 1738 καὶ
958 1673 1116 1757 ἡδονῆς,

53 1787 82 1828 rs
98 1761 225 1845 primo
250 1759 293 1846 (p.
307 1766 373 1826 264
388 1761 484 1844 Bag.)
508 1783 544 1826 os
568 1767 599 1826 et
623 1762 733 1847 oeulos
757 1761 904 1827 Iustitiae
927 1763 1117 1846 vultumque

99 1851 169 1913 01110
198 1851 315 1914 severis
344 1854 440 1934 atque
467 1852 655 1915 venerandis
682 1851 853 1916 verborum
882 1852 1042 1916 coloribus
1067 1852 1117 1915 de

97 1939 217 2022 pinxit.
260 1938 352 2003 Facit
376 1939 496 2024 quippe
519 1941 693 2026 imaginem
716 1939 863 2005 Iustitiae
886 1941 1019 2023 fierique
1043 1941 1117 2004 soli·
1145 1956 1161 2004 2

98 2032 168 2091 tam
192 2049 259 2091 esse
284 2028 361 2092 dicit
380 2051 399 2092 a
417 2029 596 2112 pictoribus
615 2029 861 2113 rhetoribusque
881 2029 1117 2111 antiquioribus

97 2115 141 2180 ad
172 2115 259 2180 hunc
290 2116 390 2182 ferme
423 2118 568 2182 modum:
602 2118 718 2182 ‘forma
748 2121 843 2200 atque
872 2118 928 2181 filo
957 2117 1117 2203 virginali,

51 2233 84 2274 so
99 2210 234 2289 aspectu
257 2204 439 2270 vehementi
462 2210 494 2270 et
515 2205 726 2288 formidabili,
748 2205 926 2270 luminibus
950 2206 1118 2271 oculorum

99 2294 241 2378 acribus,
269 2316 372 2380 neque
399 2294 531 2359 humilis
559 2318 664 2379 neque
691 2296 821 2377 atrocis,
850 2295 904 2360 sed
927 2296 1117 2360 reverendae

99 2383 268 2448 cuiusdam
308 2385 459 2449 tristitiae
498 2384 675 2470 dignitate’.
735 2383 786 2447 Ex
822 2385 972 2471 imaginis
1009 2389 1117 2449 autem
1145 2401 1162 2448 3

98 2473 195 2538 1001110
220 2473 454 2557 significatione
477 2474 623 2559 intellegi
646 2475 749 2538 voluit
773 2474 920 2556 iudicem,
946 2474 1001 2557 qui
1024 2473 1118 2538 lusti-

98 2563 165 2627 tiae
194 2563 328 2625 antistes
356 2567 417 2645 est,
446 2567 593 2645 oportere
621 2585 689 2626 0000
712 2584 856 2647 gravem,
884 2567 1043 2646 sanctum,
1072 2586 1118 2628 se-

53 2677 83 2718 ss
99 2673 222 2732 verum,
248 2651 478 2734 incorruptum,
502 2651 730 2716 inadulabilem
755 2656 930 2734 contraque
952 2652 1118 2736 improbos

98 2744 318 2821 nocentesque
349 2740 686 2804 inmisericordemt
653 2745 749 2823 atque
776 2741 1007 2806 inexorabilem
1035 2762 1118 2806 erec·

98 2833 237 2910 tumque
261 2831 293 2892 et
316 2829 450 2892 arduum
473 2850 509 2893 ae
528 2833 701 2912 potentem,
724 2831 757 2893 vi
777 2834 809 2894 et
826 2832 992 2894 maiestate
1011 2832 1118 2913 aequi-

97 2918 177 2982 tatis
205 2918 322 2981 veritat
289 2918 457 3001 atisquet
443 2918 626 2982 terrificum.
675 2918 820 2982 Verba'
811 2941 882 3002 1psa
910 2917 1162 3023 Chrysippic

99 3007 139 3070 de
172 3004 269 3070 Iustit
228 3006 301 3070 0010
333 3007 452 3091 scripta
480 3007 559 3071 haec
587 3011 674 3071 sunt:
708 3007 917 3091 Παρθένος
946 3004 986 3072 δὲ
1014 3014 1118 3071 sivos

51 3094 256 3177 εολένεται
290 3095 385 3160 κατὰ
414 3096 615 3179 σύμβολον
641 3105 711 3160 τοῦ
739 3095 987 3180 ἀδιάφθορος
1015 3093 1119 3161 εἶναι

96 3182 162 3249 καὶ
196 3184 380 3267 μηδαμῶς
413 3183 619 3250 ἐνδιδόναι
648 3197 729 3260 τοις
756 3186 994 3268 κακούργοις
1022 3181 1118 3269 μηδὲ

172 3366 206 3412 15
226 3357 275 3412 cfr
292 3357 366 3426 Otto,
387 3359 520 3428 Sprichw.
535 3379 562 3430 p.
580 3365 630 3414 180

170 3526 187 3574 5
202 3493 305 3573 certari
319 3523 337 3570 z
350 3521 360 3587 Ιι
374 3523 390 3570 8
404 3519 532 3573 nitantur
546 3523 581 3576 Π
592 3523 601 3592 Η
616 3525 649 3575 13
666 3537 732 3576 cum
747 3520 963 3589 0000100010
977 3517 1044 3570 thio
1054 3513 1125 3568 ot>
1131 3512 1163 3578 h

95 3598 131 3646 21
151 3589 343 3644 uerecunde!
349 3592 411 3658 lm
425 3593 479 3660 pot
479 3595 529 3648 ent
530 3610 576 3649 em
596 3595 642 3651 sui
658 3595 792 3652 neseio
