2438 3878
149 180 211 245 156
564 180 615 235 xv
634 187 680 248 293
700 186 734 235 ao

148 342 243 420 Quia
265 343 476 427 Tarquinio
499 344 605 428 inquit
626 345 778 408 nomine
801 348 914 409 esset:
937 345 1005 410 hoc
1030 346 1168 429 proinde

147 437 204 515 est,
226 437 391 516 tamquam
414 434 441 496 si
464 455 524 519 ego
548 434 664 498 dicam:
690 433 783 497 ‘mihi
804 455 924 498 nomen
947 438 998 499 est
1024 433 1168 500 Iulium’.

606 610 698 675 XXX

147 731 326 799 Vehiculum,
350 732 426 799 quod
450 732 637 800 ‘petorritum’
660 731 832 801 appellatur,
857 733 960 786 cuiatis
978 733 1104 804 linguae
1121 751 1165 789 vo·

184 803 314 858 eubulum
333 803 382 869 sit,
403 802 524 857 Graecae
544 818 580 857 an
599 803 731 858 Gallicae.
1185 819 1195 859 1

122 951 136 997 1
215 928 277 1006 Qui
306 930 346 994 ab
374 930 438 994 alio
466 952 581 1016 genere
609 931 693 995 vitae
721 930 830 995 detriti
857 932 921 995 iam
950 936 983 997 et
1012 934 1164 998 retorridi

147 1019 188 1082 ad
213 1019 393 1084 litterarum
422 1018 606 1103 disciplinas
634 1021 734 1084 serius
757 1020 888 1103 adeunt,
916 1021 944 1084 si
967 1022 1057 1086 forte
1080 1023 1164 1088 idem

148 1112 223 1172 sunt
246 1109 367 1194 gamxli
389 1112 504 1172 natura
526 1112 559 1172 et
582 1109 792 1196 subargutuli,
815 1109 936 1194 oppido
961 1132 1063 1193 quam
1083 1112 1165 1176 fiunt

121 1199 182 1264 rin
219 1197 397 1262 litterarum
435 1198 648 1262 ostentatione
683 1198 785 1281 inepti
821 1201 853 1262 et
888 1199 1008 1263 frivoli.
1072 1199 1164 1277 Quod

148 1308 247 1372 genus
273 1288 417 1371 profecto
441 1286 497 1350 ille
518 1286 616 1351 homo
640 1291 700 1370 est,
727 1288 783 1370 qui
806 1288 845 1351 de
867 1289 1038 1370 petorritis
1061 1312 1164 1374 nuper
1174 1313 1192 1354 u

121 1376 368 1460 sergutissimas
408 1397 511 1460 nugas
552 1375 641 1439 dixit.
704 1374 789 1440 Nam
830 1397 903 1440 cum
946 1383 1163 1462 quaereretur,

149 1465 362 1547 ‘petorritum’
387 1464 474 1547 quali
498 1465 601 1528 forma
623 1463 805 1528 vehiculum
828 1465 1008 1549 cuiatisque
1033 1467 1163 1553 linguae

147 1552 340 1616 vocabulum
359 1556 450 1635 esset,
469 1556 502 1616 et
518 1551 634 1617 faciem
651 1553 791 1618 vehiculi
810 1555 982 1619 ementitus
1001 1560 1053 1620 est
1066 1558 1162 1642 longe

147 1642 284 1705 alienam
311 1641 488 1724 falsamque
516 1646 548 1705 et
575 1641 766 1706 vocabulum
796 1640 952 1707 Graecum
979 1665 1054 1710 esse
1085 1646 1163 1710 dixit

110 1793 112 1797 ,
147 1734 243 1812 atque
284 1730 506 1816 adsignificare
541 1730 686 1794 volucres
721 1735 808 1795 rotas
845 1733 1081 1815 interpretatus
1119 1738 1190 1800 estu

148 1823 406 1902 commutataque
442 1841 506 1882 una
540 1820 648 1883 littera
685 1819 899 1903 ‘petorritum’
935 1843 1007 1886 esse
1041 1824 1162 1889 dictum

120 1909 275 1975 rvolebat
303 1908 395 1991 quasi
424 1909 661 1992 ‘petorrotum'3
691 1910 846 1992 scriptum
874 1912 972 1974 etiam
1000 1912 1068 1977 hoc
1097 1935 1163 1978 esse

147 2022 167 2061 a
189 1997 344 2063 Valerio
368 1997 491 2061 Probo
515 1998 688 2061 contendit.

121 2106 136 2154 5
213 2087 299 2173 Ege,
340 2108 412 2152 cum
450 2085 566 2150 Probi
606 2087 725 2150 multos
765 2086 935 2151 admodum
973 2110 1164 2156 commen·

146 2178 338 2241 tationum
365 2175 466 2240 libros
493 2174 713 2258 adquisierim,
740 2197 843 2258 neque
871 2177 1031 2261 scriptum
1055 2180 1093 2244 in
1116 2180 1192 2245 hisa

146 2267 255 2330 inveni
280 2287 341 2330 nec
367 2286 503 2347 usquam
531 2264 652 2346 alioqui
674 2262 838 2329 Probum
866 2266 1036 2349 scripsisse
1060 2269 1163 2334 credo.

122 2352 367 2421 o‘Petorritum'
391 2353 476 2417 enim
499 2356 548 2417 est
570 2375 636 2416 non
658 2375 698 2416 ex
717 2351 848 2418 Graecia
867 2354 1088 2442 dimidiatum,
1112 2358 1164 2423 sed

122 2447 253 2511 rtotum
272 2441 514 2525 Transalpibus·
535 2463 610 2504 nam
628 2445 677 2505 est
694 2463 758 2505 vox
777 2439 906 2508 Gallica.
947 2442 986 2508 ld
1005 2448 1162 2531 scriptum

147 2535 196 2596 est
224 2533 259 2595 in
285 2531 386 2595 libro
414 2529 456 2593 Μ.
480 2493 665 2594 ldarronis
693 2535 829 2613 quarto
858 2532 1007 2598 decimo
1037 2559 1162 2602 rerum

147 2620 362 2685 divinarum
386 2620 439 2702 (fr.
459 2623 522 2683 108
539 2618 627 2703 Aa),
660 2641 723 2702 quo
756 2622 791 2684 in
816 2621 888 2686 loco
916 2620 1058 2708 Varro,
1093 2646 1192 2690 cumn

147 2710 186 2774 de
213 2709 370 2793 petorrito
399 2708 545 2790 dixisset,
573 2729 641 2771 esse
665 2708 699 2771 id
721 2710 854 2774 verbum
879 2709 1057 2798 Gallicum,
1088 2716 1163 2780 ‘lan-

147 2798 247 2863 ceam’
285 2819 412 2881 quoque
450 2797 531 2860 dixit
566 2817 633 2860 non
664 2796 828 2881 Latinum,
864 2803 913 2863 set
945 2799 1162 2886 Hispanicum

146 2887 280 2951 verbum
304 2908 379 2951 esse.

220 3085 252 3133 12
263 3097 322 3148 sqq.
342 3080 414 3134 Fest.
429 3097 456 3148 p.
473 3083 532 3146 206,
548 3087 581 3135 30
690 3087 723 3134 22
742 3079 760 3135 l.
776 3079 793 3133 l.
810 3078 903 3144 Quint.
918 3081 931 3133 Ι
946 3087 971 3150 5,
987 3088 1022 3135 57

219 3265 233 3312 1
252 3259 376 3330 nomine}
391 3259 414 3312 d
432 3273 533 3311 nomen
547 3277 566 3329 γ
579 3261 618 3328 112
634 3257 755 3314 Gellium
770 3259 826 3312 Btl.
841 3260 850 3326 ΙΙ
865 3262 880 3310 9
894 3257 1000 3326 priuoli
1016 3263 1042 3316 d
1055 3264 1066 3332 ΙΙ
1082 3268 1115 3317 15
1129 3261 1161 3316 ad

147 3331 250 3400 signz
269 3330 300 3384 id
319 3330 389 3400 sign.
404 3347 423 3399 y
442 3328 601 3398 significare
615 3335 636 3390 Q
649 3333 658 3400 [Ι
673 3335 705 3383 17
724 3328 793 3400 uol]
811 3329 858 3382 uel
873 3334 899 3380 Χ
912 3332 921 3399 ΙΙ
937 3337 970 3384 19
991 3337 1162 3388 commenta

145 3402 250 3455 riorum
264 3401 301 3455 1l²
314 3404 324 3470 d
338 3407 371 3455 23
385 3403 406 3455 t.
421 3399 557 3474 (ortum)
571 3402 649 3455 trans
662 3401 726 3470 Alp.
736 3402 822 3455 Hertz
836 3402 856 3453 t.
871 3401 1086 3472 transalpinum
1094 3406 1160 3462 Jdr.

146 3473 193 3529 sed
205 3474 248 3528 od.
263 3474 437 3538 Thiodamas,
451 3472 532 3527 Aret.
545 3475 565 3541 f.
576 3473 643 3528 Lex.
654 3475 705 3529 IV
711 3489 739 3540 p.
749 3475 806 3526 252
821 3472 825 3542 Ι
840 3471 1013 3542 inscriptum
1029 3497 1052 3530 ω
1066 3493 1162 3534 com
