2438 3878
147 185 167 250 8
566 183 736 248 X16;6;v

146 349 199 414 vel
225 348 363 413 maxime
391 351 560 431 propterea
588 346 762 411 existimati
790 349 877 428 sunt,
906 345 990 429 quod
1015 343 1159 409 Acade-

148 439 236 503 mici
274 436 402 520 quidem
440 436 545 519 ipsum
579 435 661 499 illud
691 434 774 498 nihil
805 456 899 518 posse
933 435 1159 517 comprehendi

149 528 240 611 quasi
277 525 551 609 comprehendunt
587 528 619 588 εὴ
654 523 737 587 nihil
773 545 867 607 posse
904 523 1029 588 decerni
1067 524 1159 606 quasi

148 618 330 698 decernunt,
357 614 536 698 Pyrronii
563 636 603 676 ne
631 614 664 677 id
687 613 816 696 quidem
839 611 906 677 ullo
930 617 1024 695 pacto
1048 635 1159 676 verum

148 705 249 769 videri
272 705 396 787 dicunt,
420 703 505 787 quod
528 700 610 766 nihil
634 724 703 766 esse
725 724 836 766 verum
860 702 993 766 videtur.
1189 728 1201 767 a

628 878 675 944 VI

149 1003 229 1068 Quod
247 1003 377 1129 palpares
396 1003 500 1056 Romae
519 1017 569 1071 per
587 1001 735 1056 Herculem
753 1018 809 1054 non
827 1001 980 1055 iuraverint
998 1017 1088 1069 noque
1107 1001 1161 1054 viri

183 1092 233 1144 per
274 1091 304 1129 as
319 1091 401 1129 orem.

124 1220 137 1267 1
216 1201 254 1266 ln
281 1202 443 1266 veteribus
467 1202 594 1284 scriptis
618 1223 722 1284 neque
745 1199 894 1264 mulieres
917 1199 1080 1264 Romanae
1103 1223 1161 1283 per

124 1290 322 1357 2Herculem
347 1292 492 1355 deiurant
514 1312 617 1372 neque
640 1290 701 1353 viri
724 1312 781 1373 per
805 1287 978 1353 Castorem.
1021 1288 1083 1353 Sed
1104 1311 1162 1353 cur
1180 1317 1204 1355 ιο

150 1381 224 1444 illae
246 1401 312 1444 non
335 1381 510 1443 iuraverint
528 1378 708 1460 Herculem,
731 1400 797 1441 non
816 1378 986 1442 obscurum
1006 1383 1062 1461 est,
1085 1401 1161 1442 nam

124 1468 350 1535 3Herculaneo
383 1468 538 1532 sacrificio
567 1467 738 1532 abstinent.
789 1465 853 1530 Cur
880 1472 987 1531 autem
1018 1468 1076 1530 viri
1105 1465 1162 1530 Ca-

152 1563 270 1622 storem
293 1558 434 1621 iurantes
453 1579 519 1620 non
537 1555 778 1639 appellaverint,
800 1579 867 1620 non
884 1556 978 1621 facile
997 1557 1085 1620 dictu
1104 1561 1161 1620 est.

149 1645 318 1729 Nusquam
350 1647 449 1731 igitur
482 1647 636 1728 scripturn
668 1647 810 1710 invenire
841 1648 889 1709 est
917 1645 1000 1728 apud
1028 1645 1162 1709 idoneos

151 1735 280 1818 quidem
308 1737 480 1818 scriptores
508 1739 564 1798 aut
592 1733 772 1799 ‘mehercle'
802 1735 954 1799 feminam
979 1735 1081 1799 dicere
1105 1739 1162 1797 aut
1178 1760 1203 1800 15

125 1824 331 1890 4‘mecastor'
360 1824 479 1907 virum3
512 1822 648 1906 ‘edepol'
677 1827 798 1907 autern,
827 1825 912 1906 quod
940 1823 1162 1887 iusiurandum

153 1916 210 1997 per
237 1912 401 1977 Pollucem
434 1915 495 1994 est,
527 1916 559 1976 et
586 1913 655 1976 viro
685 1916 717 1976 et
743 1912 880 1977 feminae
908 1933 1076 1976 commune
1104 1917 1162 1976 est.

125 2001 216 2067 tsed
242 2001 285 2066 M.
308 2001 430 2067 Varro
462 2002 504 2084 (p.
523 2003 586 2065 375
604 2001 692 2086 Rip.)
726 2002 890 2065 adseverat
921 2002 1163 2086 antiquissimos

151 2092 237 2156 viros
258 2113 361 2175 neque
379 2114 437 2175 per
456 2089 621 2155 Castorem
638 2113 741 2174 neque
759 2113 817 2174 per
834 2090 1000 2155 Pollucem
1019 2091 1163 2154 deiurare

152 2180 279 2264 solitos,
308 2181 363 2244 sed
390 2180 424 2244 id
451 2179 672 2245 iusiurandum
699 2179 798 2244 fuisse
821 2184 947 2244 tantum
970 2181 1162 2244 feminarum
1179 2207 1205 2245 ao

126 2286 193 2333 sex
215 2269 315 2332 initiis
336 2268 498 2333 Eleusinis
522 2272 701 2353 acceptum3
724 2269 880 2353 paulatim
904 2274 1011 2333 tamen
1034 2270 1164 2332 inscitia

153 2358 354 2440 antiquitatis
387 2358 472 2422 viros
505 2358 608 2423 dicere
642 2357 777 2440 ‘edepol'
809 2358 950 2440 coepisse
977 2360 1163 2440 factumque

152 2468 219 2510 esse
247 2447 292 2509 ita
315 2447 440 2510 dicendi
463 2468 598 2530 morem,
626 2446 681 2510 sed
705 2448 883 2511 ‘mecastor'
908 2470 926 2511 a
950 2448 1018 2511 viro
1043 2448 1105 2510 dici
1129 2449 1164 2510 in

151 2534 241 2599 nullo
264 2540 371 2600 vetere
394 2535 513 2618 scripto
537 2536 681 2599 inveniri.

624 2711 688 2777 Vll
1180 2741 1205 2780 25

150 2832 250 2886 Verbis
269 2834 473 2902 antiquissimis
487 2835 649 2904 relictisque
663 2836 721 2889 iam
735 2837 764 2889 et
778 2836 876 2890 desitis
890 2837 1005 2890 minime
1019 2836 1163 2889 utendum.

126 2976 139 3023 1
218 2958 334 3024 Verbis
367 2960 415 3023 uti
448 2964 504 3025 aut
535 2962 632 3025 nimis
662 2961 815 3028 obsoletis
844 2963 1079 3046 exculcatisque
1108 2968 1165 3028 aut

152 3048 365 3113 insolentibus
396 3050 614 3134 novitatisque
642 3051 738 3115 durae
766 3056 798 3116 et
825 3051 983 3134 inlepidae
1010 3074 1068 3135 par
1096 3073 1164 3115 esse

153 3137 305 3203 delictum
328 3138 461 3203 videtur.
504 3136 567 3203 sed
589 3140 755 3204 molestius
775 3141 922 3225 equidem
942 3142 1164 3224 culpatiusque

224 3337 289 3399 9sq.
310 3330 407 3385 GLKI
423 3336 481 3399 198,
499 3337 531 3384 17
550 3331 651 3386 Donat.
667 3333 727 3389 Ter.
742 3334 828 3387 Andr.
843 3333 881 3386 HI
896 3340 920 3401 ἓ,
936 3341 951 3388 6

223 3497 240 3542 4
256 3490 333 3545 facto
349 3493 372 3546 d
391 3494 403 3560 J]
426 3499 458 3546 11
478 3508 529 3561 per
547 3493 620 3548 herc.
637 3496 671 3547 11
692 3498 701 3564 i
726 3500 758 3548 12
777 3495 834 3563 ipsi
851 3493 907 3546 uiri
920 3499 938 3546 z
957 3498 965 3563 ΙΙ
985 3499 1017 3548 13
1037 3493 1126 3565 dictu]
1141 3499 1166 3546 n

56 3572 106 3652 ι
132 3556 244 3608 drbtum
259 3581 284 3611 ω
293 3568 311 3626 ss
320 3568 356 3614 14
376 3565 423 3617 est
439 3564 498 3618 inu.
518 3567 562 3636 Qu
577 3570 611 3620 20
631 3565 715 3622 solito
729 3569 776 3619 Bt
787 3569 801 3635 tt
811 3571 847 3620 ‘zi
863 3567 975 3635 tament
989 3570 1083 3618 eumz
