2438 3878
103 189 124 250 4
546 185 667 252 X12;3

102 372 183 415 mus
221 351 468 435 elegantium,
505 347 690 413 Scaevola
727 369 928 431 parcorum
963 350 1114 434 elegan-

103 441 283 504 tissimus.

75 545 91 593 5
168 528 335 592 Praeterea
366 550 404 592 ex
437 527 565 592 eodem
593 525 694 590 libro
725 523 882 591 Catonis
909 527 989 592 haec
1017 528 1113 591 etiam

105 619 242 701 sparsim
278 621 310 681 et
342 616 491 681 intercise
523 614 799 680 commeminimus
833 615 886 697 (fr.
905 617 977 682 Η.
1000 622 1029 680 ct
1046 615 1113 695 B.):

103 705 251 771 Vestini
279 706 384 790 inquit
412 705 451 769 in
478 705 562 769 foro
590 705 750 768 honeste
775 725 854 769 mos
878 709 972 789 erat,
1001 705 1114 787 domi,
1144 733 1155 771 s

104 796 204 879 quod
239 795 333 859 satis
367 798 455 859 erat.
509 792 638 877 Equos
671 794 796 858 carius
829 816 939 877 quam
972 816 1114 877 coquos

103 884 286 948 emebant.
335 882 516 948 Poeticae
548 884 643 947 artis
675 882 795 946 honos
827 904 903 947 non
935 888 1024 947 erat.
1075 882 1115 947 Si

104 974 189 1056 quis
213 974 252 1036 in
275 995 316 1038 ea
339 995 377 1037 re
400 972 581 1036 studebat
604 975 669 1035 aut
693 992 774 1036 sese
794 971 839 1035 ad
859 973 1035 1037 convivia
1053 972 1115 1036 ad-

78 1062 290 1146 6plicabat,
323 1061 537 1126 ‘crassatur’
567 1059 784 1125 vocabatur.
832 1059 893 1125 Illa
921 1082 1048 1144 quoque
1076 1085 1115 1125 ex

103 1151 233 1216 eodem
251 1151 353 1215 libro
372 1149 554 1234 praeclarae
573 1149 717 1214 veritatis
737 1151 894 1214 sententia
913 1155 962 1215 est
981 1151 1034 1233 (fr.
1048 1155 1069 1214 3
1083 1151 1115 1215 J.
1131 1179 1157 1217 1o

102 1240 212 1325 etB.):
234 1238 328 1305 Nam
352 1241 432 1304 vita
454 1240 560 1322 inquit
579 1238 741 1303 humana
760 1259 878 1322 prope
896 1241 953 1304 uti
972 1241 1115 1304 ferrum

103 1332 169 1393 est.
220 1327 259 1392 si
287 1349 477 1412 exerceas,
505 1329 734 1411 conteritur3
763 1328 896 1392 sinon
924 1350 1116 1410 exerceas,

103 1422 227 1483 tamen
259 1418 395 1504 robigo
428 1417 630 1481 interficit.
679 1413 775 1480 Item
807 1417 981 1481 homines
1011 1439 1115 1481 exer-

103 1507 220 1571 cendo
244 1506 415 1571 ridemus
438 1507 600 1590 conteri;
624 1507 656 1570 si
677 1505 779 1569 nihil
802 1527 992 1590 exerceas,
1016 1507 1115 1569 iner-

103 1597 158 1660 tia
185 1598 298 1678 atque
326 1596 486 1678 torpedo
516 1596 603 1679 plus
632 1595 854 1660 detrimenti
881 1596 976 1660 facit
1004 1617 1115 1678 quam
1132 1624 1157 1664 15

104 1685 299 1749 exercitia.
376 1724 380 1729 ·

585 1859 635 1925 Ill

104 1983 200 2048 Qualis
219 1985 380 2053 quantaque
399 1983 437 2037 sit
456 1984 528 2053 ‘pro’
548 1983 704 2052 particulae
721 1983 855 2048 variatam
875 1984 965 2051 deque
980 1984 1116 2052 exemplis

139 2055 199 2110 eius
217 2055 371 2110 varietatis.

80 2200 93 2247 1
172 2181 305 2259 Quando
334 2183 373 2247 ab
402 2181 543 2246 arbitriis
570 2181 773 2268 negotiisque
796 2182 898 2246 otium
922 2186 971 2246 est
994 2185 1026 2245 et
1049 2204 1116 2246 mo·
1133 2212 1159 2250 ao

103 2271 193 2335 tandi
229 2273 372 2356 corporis
410 2272 513 2358 gratia
550 2275 605 2335 aut
642 2272 818 2355 spatiamur
853 2274 909 2335 aut
943 2275 1117 2355 nectamur,

104 2381 254 2443 quaerere
286 2381 528 2445 nonnumquam
560 2363 638 2443 aput
670 2364 789 2425 memet
815 2361 921 2444 ipsum
950 2359 1037 2424 soleo
1065 2384 1117 2425 res

104 2449 262 2512 eiusmodi
302 2471 416 2532 parvas
456 2449 584 2532 quidem
621 2450 824 2533 minutasque
862 2453 894 2512 et
930 2449 1116 2514 hominibus

103 2559 169 2601 non
191 2537 271 2601 bene
295 2538 427 2602 eruditis
450 2536 675 2621 aspernabiles,
699 2538 755 2602 sed
775 2536 815 2602 ad
833 2542 976 2602 veterum
996 2540 1118 2622 scripta

103 2626 233 2710 penitus
255 2627 416 2691 noscenda
434 2630 467 2692 et
485 2625 526 2690 ad
545 2628 710 2691 scientiam
729 2627 858 2711 linguae
876 2625 1010 2691 Latinae
1029 2648 1115 2690 cum·
1132 2657 1158 2695 aa

103 2715 217 2798 primis
252 2717 460 2781 necessarias:
497 2715 585 2779 velut
619 2720 681 2799 est,
717 2716 803 2798 quod
834 2716 917 2779 forte
948 2738 1050 2800 nuper
1082 2718 1118 2781 in

103 2803 311 2869 Praenestino
339 2826 466 2870 recessu
493 2805 675 2887 vespertina
700 2805 916 2869 ambulatione
940 2806 1027 2868 solus
1051 2828 1117 2870 am-

104 2891 218 2957 bulans
246 2892 498 2977 considerabam,
529 2894 632 2976 qualis
660 2897 842 2977 quantaque
870 2897 951 2958 esset
978 2895 1118 2977 particu-

103 2983 207 3054 larum
235 2982 434 3064 quarundam
462 2983 496 3046 in
524 2983 668 3047 oratione
691 2981 808 3046 Latina
831 2983 975 3047 varietas.
1023 2982 1117 3060 Quod

175 3178 190 3227 a
209 3173 280 3228 Prin.
295 3175 333 3229 lx
351 3180 393 3244 17,
408 3180 441 3230 ar

174 3357 190 3405 8
208 3353 278 3420 quid
297 3353 369 3406 οΠ1
389 3353 439 3423 qui
457 3351 496 3406 ι’
511 3352 515 3421 Ι
531 3353 594 3420 quis
613 3352 640 3406 ei
658 3369 689 3407 re
706 3353 854 3407 LMueller
869 3354 873 3421 Ι
888 3351 1006 3406 ludebat
1024 3354 1118 3408 Baeh-

102 3438 164 3476 rens
183 3425 193 3492 ΙΙ
214 3428 247 3475 13
268 3423 332 3495 sall!
347 3441 436 3481 exerc.
456 3430 481 3477 x
501 3423 531 3477 in
549 3429 670 3479 exerco
690 3426 700 3493 ll
721 3427 755 3477 20
774 3423 887 3477 arbitris
906 3430 1052 3492 epraeter
1069 3427 1118 3499 ull

94 3499 132 3541 21
143 3496 296 3572 nectamur
310 3495 425 3551 01111ι
437 3498 447 3564 ΙΙ
462 3500 496 3549 25
513 3495 550 3549 ad
564 3496 707 3550 sciendam
721 3497 786 3563 (asc.
802 3497 833 3564 Q)
847 3496 870 3549 d
888 3494 961 3549 unde
975 3496 1011 3548 ad
1026 3497 1117 3551 scien-

77 3556 148 3607 dum
161 3563 243 3615 baon
253 3570 272 3635 ss
282 3571 321 3618 27
339 3584 454 3624 secessu
468 3567 587 3625 Jaaetae
