2438 3878
159 185 221 249 112
612 185 676 239 XIV
694 191 709 237 2

157 349 250 414 cunia
278 349 363 432 apud
385 348 521 413 iudicem
546 349 707 432 privatum
730 349 797 434 agi,
823 370 889 412 non
911 347 998 431 apud
1023 369 1176 412 censores

158 437 196 502 de
219 437 369 502 moribus.

132 550 147 597 o
224 526 314 591 Tunc
336 526 382 590 ibi
405 526 500 590 amici
524 527 595 608 mei,
619 548 699 609 quos
722 548 908 611 rogaveram
932 526 967 589 in
987 527 1175 609 consilium,

157 614 218 680 viri
250 615 415 680 exercitati
444 619 540 697 atque
571 616 605 678 in
637 615 821 698 patrociniis
849 619 882 679 et
909 615 943 678 in
972 615 1086 698 operis
1115 615 1175 680 fori

157 704 297 770 celebres
334 725 521 788 semperque
556 725 589 768 se
622 705 883 786 circumundique
915 704 1202 770 distrahentibusr

158 794 261 858 causis
283 793 484 878 festinantes,
507 814 573 856 non
596 792 765 857 sedandum
791 794 910 856 diutius
933 814 971 857 ae
994 793 1084 856 nihil
1108 815 1174 857 esse

158 882 289 947 dubium
314 881 474 965 dicebant,
502 882 581 964 quin
603 882 814 946 absolvendus
837 882 934 964 foret,
962 902 1062 964 quem
1090 902 1174 948 accc

157 973 242 1055 pisse
274 972 442 1054 pecuniam
474 971 563 1034 nulla
593 970 783 1054 probatione
810 970 957 1034 sollemni
985 970 1173 1035 docebatur.

115 1082 148 1132 10
160 1059 221 1124 Sed
253 1061 338 1124 enim
370 1081 430 1145 ego
461 1058 607 1124 homines
640 1081 712 1124 cum
745 1059 998 1142 considerabam,
1034 1060 1173 1125 alterum

155 1150 247 1233 fidei,
269 1150 404 1213 alterum
427 1147 538 1232 probri
561 1149 691 1232 plenum
715 1149 1001 1232 spurcissimaeque
1026 1149 1118 1214 vitae
1140 1170 1200 1216 aori

159 1238 438 1321 defamatissimae,
462 1258 664 1322 nequaquam
688 1238 802 1303 adduci
824 1237 916 1321 potui
939 1237 980 1302 ad
1003 1238 1173 1303 absolven-

116 1350 147 1397 11
159 1328 243 1391 dnm.
283 1325 367 1391 Iussi
390 1327 490 1411 igitur
512 1327 595 1392 diem
619 1326 743 1391 diffindi
764 1331 860 1409 atque
877 1325 952 1390 inde
969 1349 989 1389 a
1009 1327 1173 1393 subselliis

159 1438 257 1501 pergo
285 1417 331 1480 ire
359 1416 399 1479 ad
421 1415 649 1479 Favorinum
677 1415 919 1499 philosophum,
947 1436 1047 1497 quem
1077 1418 1115 1481 in
1139 1438 1172 1482 eo

159 1510 303 1589 tempore
320 1503 443 1568 Romae
465 1505 640 1588 plurimum
664 1505 815 1586 sectabar,
839 1508 934 1587 atque
958 1504 987 1568 ei
1012 1505 1054 1569 de
1081 1528 1172 1572 causa

159 1615 197 1657 ac
219 1594 258 1656 de
280 1593 465 1657 hominibus
489 1614 570 1675 quae
593 1593 678 1676 apud
700 1616 751 1657 me
775 1594 859 1658 diota
881 1592 1026 1676 fuerant,
1051 1597 1106 1660 uti
1127 1617 1197 1662 reso

159 1686 241 1765 erat,
267 1703 360 1746 narro
386 1682 492 1745 omnia
515 1686 547 1745 et
569 1685 658 1765 peto,
685 1687 721 1746 ut
744 1686 776 1746 et
798 1683 904 1766 ipsum
926 1682 1025 1766 illud,
1050 1684 1090 1748 in
1113 1705 1172 1769 quo

158 1771 337 1854 haerebam,
356 1775 388 1834 et
407 1774 511 1835 cetera
529 1772 635 1853 etiam,
654 1793 735 1854 quae
754 1771 949 1835 observanda
967 1772 1053 1836 mihi
1069 1774 1173 1838 forent

159 1861 194 1924 in
222 1859 329 1924 officio
356 1859 484 1942 iudicis,
511 1859 629 1925 faceret
653 1883 718 1942 me,
745 1863 782 1923 ut
805 1882 914 1924 earum
936 1881 1047 1925 rerum
1074 1884 1171 1928 essem

156 1950 353 2033 pmdentior.

116 2059 149 2106 12
227 2038 309 2102 Tum
344 2037 557 2103 Favorinus
596 2038 751 2122 religione
791 2039 847 2102 ills
887 2039 1110 2105 cunctationis
1145 2046 1196 2106 ets

50 2204 58 2221 ο
131 2160 133 2170 ·
161 2127 385 2192 sollicitudinis
411 2131 540 2192 nostrae
568 2126 775 2210 conprobata:
809 2127 854 2190 ‘id
881 2126 1039 2211 quidem,’
1070 2130 1172 2214 inquit

161 2218 269 2301 ‘super
295 2238 358 2299 quo
387 2239 473 2283 nunc
501 2216 669 2300 deliberas,
696 2216 797 2280 videri
821 2219 927 2300 potest
951 2218 1064 2299 specie
1087 2219 1171 2284 tenui
1209 2268 1211 2293 ,

159 2328 321 2389 parvaque
344 2327 419 2370 esse.
462 2303 524 2369 Sed
548 2306 575 2369 si
598 2305 636 2368 de
660 2305 747 2368 omni
771 2326 898 2388 quoque
922 2304 1035 2371 officio
1059 2309 1170 2374 iudicis

131 2400 135 2405 ’
160 2396 282 2478 praeire
304 2393 365 2458 tibi
388 2417 439 2458 me
462 2395 520 2476 vis,
542 2415 744 2477 nequaquam
768 2397 816 2457 est
838 2392 890 2457 vel
910 2394 976 2459 loci
1000 2395 1104 2462 huius
1126 2397 1171 2463 rel

117 2503 149 2551 13
159 2484 327 2567 temporis,
359 2487 407 2546 est
435 2484 520 2546 enim
548 2483 736 2566 disceptatio
764 2483 825 2547 ista
852 2483 1047 2568 multiiugae
1077 2492 1112 2552 et
1136 2487 1194 2551 sis

159 2594 279 2636 nuosae
302 2572 497 2654 quaestionis
521 2573 685 2654 multaque
709 2575 741 2635 et
764 2572 859 2636 anxia
881 2593 958 2636 cura
982 2577 1016 2637 et
1040 2576 1169 2641 circum·

116 2682 150 2729 14
160 2662 327 2745 spicientia
349 2660 505 2745 indigens.
545 2659 693 2743 Namque
716 2664 753 2724 ut
773 2682 874 2744 pauca
892 2660 953 2724 tibi
971 2684 1063 2728 nunc
1084 2686 1170 2749 quae

160 2750 301 2814 stionum
334 2749 440 2832 capita
467 2749 645 2834 adtingam,
677 2751 740 2814 iam
769 2750 912 2813 omnium
940 2751 1089 2833 primum
1116 2753 1170 2818 hoe

160 2839 199 2903 de
230 2839 344 2903 iudicis
377 2838 483 2902 officio
517 2839 692 2922 quaeritur:
725 2839 752 2901 si
783 2838 879 2902 iudex
908 2839 995 2904 forte
1024 2842 1060 2906 id
1089 2845 1169 2924 sciat,

160 2949 257 3011 super
288 2948 350 3009 qua
377 2949 412 2991 re
438 2928 524 3011 apud
552 2950 625 2991 eum
651 2928 809 3013 litigatur,
823 2980 826 2985 .
842 2949 943 3010 eaque
969 2950 1024 2994 res
1052 2932 1113 2997 uni
1138 2931 1192 3014 1111

160 3017 348 3100 priusquam
370 3016 423 3101 agi
447 3021 560 3101 coepta
583 3021 639 3081 aut
661 3017 696 3080 in
718 3016 870 3081 iudicium
895 3016 1035 3084 deducta
1060 3021 1113 3104 sit,
1136 3040 1168 3085 ex

160 3106 224 3168 alio
248 3104 385 3187 quodam
409 3107 539 3191 negotio
563 3127 701 3189 casuque
720 3106 828 3188 aliquo
848 3107 979 3191 cognita
997 3108 1126 3191 liquido
1143 3111 1168 3173 et

233 3284 265 3332 12
284 3279 388 3349 Dig.11
404 3286 444 3348 11,
460 3287 484 3349 2,
500 3287 515 3334 a

231 3429 248 3477 4
266 3424 326 3478 iure
341 3427 384 3493 (err
397 3423 455 3494 inf)
470 3423 586 3478 excitati
601 3428 622 3482 Q
635 3425 644 3493 11
659 3428 691 3476 13
711 3422 741 3476 in
754 3439 816 3477 meo
831 3427 852 3481 Q
865 3425 874 3491 11
889 3428 922 3475 14
937 3425 1027 3494 atque
1042 3458 1077 3468 -
1093 3439 1165 3483 cauas

154 3512 204 3548 om.
218 3497 266 3564 γ1
278 3501 312 3549 16
332 3495 461 3551 omnibus
481 3499 566 3566 111116
585 3510 618 3549 sc
636 3496 702 3564 peto
720 3497 810 3564 11120
828 3493 967 3560 religione
985 3498 1105 3569 regione
1120 3495 1166 3568 0¹!

71 3574 82 3610 5
101 3576 115 3637 g
141 3569 181 3616 32
193 3582 300 3621 casuro
317 3569 433 3625 Cramer
448 3568 454 3644 1
472 3568 529 3625 alio
549 3566 724 3640 quooo¹11
